1911 2916
794 98 1062 138 —18-

219 211 330 247 θοᾶν
351 208 485 246 ἵππων
506 205 717 259 ἐλάτειραν
739 206 888 255 ἀεῖσαις
910 206 982 247 ubi
1003 208 1046 247 in
1066 206 1196 258 primo
1218 219 1335 246 versu
1355 206 1644 259 disiuncfivm,

220 271 535 322 comparativam
579 271 623 311 in
667 273 794 312 altero
832 272 957 312 habes
1001 271 1248 324 particulam.
1292 270 1340 310 fr.
1370 272 1447 311 107
1468 269 1580 325 (74),
1615 273 1642 312 6

218 336 401 382 ἐλαύνεις
427 338 471 376 τί
495 338 694 390 νεώτερον
720 336 747 388 ἢ
775 337 922 389 adeum
950 337 997 376 fr.
1027 337 1108 378 280
1133 349 1215 376 non
1242 335 1362 376 affero
1390 335 1536 388 quippe
1562 351 1642 389 quo

215 413 297 438 non
324 400 489 440 Pindari
515 402 637 440 verba
662 402 891 440 habeamus.

326 466 362 505 2.
391 465 491 506 Post
524 466 689 506 verbum
722 466 927 517 αἱρεῖσθαι
964 466 1069 518 quod
1106 465 1367 519 comparativi
1405 465 1486 506 vim
1520 465 1645 508 habet

218 531 343 570 semel
362 532 466 581 apud
482 530 699 570 Pindarum
715 530 954 581 particulam
970 531 997 581 ἥ
1013 534 1244 582 usurpatam
1261 531 1450 571 videmus.
1476 532 1529 570 N.
1540 531 1578 571 X
1589 531 1641 571 57

217 594 306 635 ἐπεὶ
343 600 489 635 τοῦτον
522 594 548 646 ἢ
575 594 739 646 πάμπαν
767 595 865 641 θεὸς
896 595 1065 646 ἔμμεναι
1098 596 1224 636 οἰκεῖν
1261 594 1296 635 τ’
1328 595 1489 650 οὐρανῷ
1522 594 1640 636 εἵλετ’

218 662 346 699 αἰῶνα
391 659 597 710 φθιμένου
641 659 907 709 Πολυδεύκης
950 659 1161 710 Κάστορος
1203 660 1249 700 ἐν
1291 660 1462 714 πολέμῳ.
1527 659 1643 701 Hanc

217 724 342 763 vitam
381 723 524 762 maluit
563 736 683 775 quam
722 722 883 763 omnino
922 723 1018 763 deus
1052 735 1139 763 esse
1173 726 1214 763 et
1247 724 1290 764 in
1317 724 1427 765 eaelo
1462 724 1644 764 habitare

217 789 360 829 Pollux
383 787 548 828 Castore
576 788 619 828 in
645 788 752 828 bello
783 789 924 829 occiso.
962 788 1141 828 Verbum
1162 789 1369 841 αἱρεῖσθαι
1391 804 1509 830 sensu
1532 804 1643 842 prae-

217 853 368 894 ferendi
395 866 477 893 non
511 866 627 905 saepe
663 855 895 906 usurpatur,
929 853 1086 906 saepius
1114 854 1337 906 βούλεσθαι
1375 855 1424 897 ef.
1452 855 1644 909 Krueger.

217 919 279 958 Di.
297 920 361 969 49,
385 920 422 970 2,
447 920 483 960 3.
505 918 703 958 Kuehner.
720 918 762 958 II
785 922 810 967 ξ
834 918 925 970 542,
942 920 980 971 2,
1007 920 1075 959 sed
1104 920 1224 959 etiam
1246 919 1289 958 in
1310 919 1442 960 soluta
1464 922 1643 961 oratione

217 984 440 1022 invenimus
457 984 562 1023 hune
580 996 715 1023 usum:
739 983 788 1022 cf.
805 983 904 1023 Xen.
920 983 996 1035 Ag.
1013 983 1072 1023 IV
1089 983 1126 1024 5.
1154 983 1247 1023 Non
1262 997 1353 1024 raro
1371 984 1529 1024 additur
1545 988 1644 1035 μᾶλ-

216 1051 309 1088 lov:
351 1047 398 1087 cf.
425 1047 530 1087 Plat.
558 1049 659 1099 apol.
690 1048 806 1092 38E.
841 1047 962 1100 Gorg.
984 1048 1065 1087 469
1078 1062 1116 1099 c,
1154 1061 1281 1099 saepe.
1337 1047 1521 1089 Ceterum
1555 1062 1644 1088 con·

216 1114 338 1165 iungo
362 1118 509 1152 τοῦτον
537 1114 678 1163 αἰῶνα,
705 1126 787 1155 non
808 1115 855 1152 ut
878 1111 1078 1152 Christius
1107 1113 1280 1164 explicat
1302 1114 1444 1152 αἰῶνας
1472 1113 1644 1164 ‘tempus

221 1177 533 1228 sempiternum'.
589 1176 695 1216 Nam
725 1176 897 1228 ‘tempus
925 1177 1226 1228 sempiternum'
1254 1177 1371 1217 deum
1398 1190 1484 1217 esse
1511 1177 1644 1217 Pollu-

217 1255 303 1282 cem
331 1242 438 1281 nolle
464 1255 547 1281 non
583 1242 631 1281 de
659 1241 856 1280 industria
889 1241 1017 1281 dicere
1051 1241 1221 1281 debebat
1247 1244 1368 1293 poeta
1399 1244 1493 1293 post
1523 1242 1644 1282 verba

215 1307 383 1358 πάμπαν
410 1307 508 1353 θεὸς
531 1307 710 1357 ἔμμεναι,
739 1306 808 1357 qui
831 1306 936 1346 enim
965 1306 1158 1346 omnino
1186 1309 1249 1346 est
1269 1307 1378 1359 deus,
1405 1307 1526 1346 etiam
1548 1309 1646 1346 tem-

216 1385 290 1422 pus
331 1371 617 1421 sempiternum
654 1370 697 1409 in
736 1370 845 1410 eaelo
880 1370 1048 1410 habitat.
1117 1370 1256 1422 Neque
1295 1372 1423 1411 αἰῶνα
1461 1385 1485 1410 a
1522 1372 1644 1411 verbo

216 1436 345 1475 εἵλετο
375 1435 528 1474 secerni
555 1437 702 1486 potest.

734 1670 885 1721 Caput
913 1671 1129 1709 alterum.

499 1747 580 1793 De
612 1747 907 1806 particulis
940 1747 1355 1805 temporalibus.

329 1908 639 1949 Coniunctiones
661 1907 903 1959 temporales
927 1921 951 1947 a
971 1907 1142 1947 Pindaro
1164 1909 1407 1959 usurpantur
1428 1908 1518 1948 hae:
1546 1909 1648 1948 ὅταν

222 1973 375 2012 ὁπόταν
415 1973 479 2012 ὅτε
520 1973 638 2012 ὁπότε
678 1972 797 2011 ἁνίκα
837 1969 916 2011 εὖτ’
951 1972 1002 2010 ἂν
1037 1968 1126 2011 εὖτε
1161 1971 1247 2011 ἐπεὶ
1283 1971 1420 2023 ἐπειδὴ
1454 1972 1494 2019 ἐξ
1527 1970 1577 2012 οὗ
1604 1972 1649 2020 ἐξ

216 2035 341 2089 οὗπερ
371 2034 418 2084 ἇς
444 2039 553 2089 πρίν.

599 2123 639 2164 Ι.
669 2123 793 2163 Ὅταν
822 2124 988 2163 ὁπόταν
1016 2123 1088 2163 ὅτε
1116 2123 1261 2163 ὁπότε.

747 2197 783 2231 1.
818 2193 920 2231 ὅταν
941 2194 1110 2231 ὁπόταν.

757 2284 786 2306 a.
806 2284 833 2307 0.
852 2284 955 2306 conl.
973 2283 1108 2316 Praes-

324 2328 548 2370 Particulas
576 2330 816 2382 temporales
844 2329 941 2369 ὅταν
964 2330 1115 2370 ὁπόταν
1143 2344 1166 2369 a
1187 2328 1357 2369 Pindaro
1386 2330 1532 2382 septies
1556 2343 1645 2369 cum

217 2393 319 2434 coni.
348 2407 475 2444 praes.
503 2394 736 2434 coniunctas
763 2394 958 2444 videmus,
998 2408 1088 2434 eum
1117 2394 1216 2434 coni.
1244 2407 1325 2434 aor.
1359 2397 1508 2447 quater.
1562 2392 1642 2433 Ubi

219 2472 311 2499 cum
341 2459 441 2498 coni.
463 2472 588 2511 praes.
619 2459 854 2499 coniunctae
883 2461 977 2499 sunt
1005 2460 1053 2499 de
1081 2471 1124 2499 re
1152 2458 1286 2511 agitur
1308 2472 1410 2511 quae
1433 2458 1536 2498 solet
1557 2458 1644 2498 fieri

215 2527 257 2563 et
283 2523 478 2562 habemus
505 2524 549 2562 in
575 2524 740 2575 apodosi
769 2523 977 2575 quinquies
1000 2523 1260 2564 indicativum
1280 2522 1513 2576 praesentis.
1554 2524 1646 2563 Duo

216 2591 311 2629 sunt
339 2588 522 2640 exempla
550 2589 742 2629 orationis
772 2588 966 2642 obliquae.
