1911 2916
785 61 1052 100 ..2ο-

206 172 246 211 J.
274 171 315 210 11
348 171 398 209 47
438 173 588 219 ταῦτα,
633 168 879 220 Νικάσιππ’,
926 168 1166 220 ἀπόνειμον,
1216 168 1313 208 ὅταν
1357 168 1490 216 ξεῖνον
1532 167 1630 220 ἐμὸν

210 236 360 286 ἠθαῖον
386 235 521 286 ἔλθῃς.
975 237 977 239 ’

763 328 801 362 2.
840 325 910 362 ὅτε
931 325 1068 363 ὁπότε.

677 413 707 437 a.
747 414 835 436 cum
855 402 982 437 indic.
1005 402 1162 447 imperf.
1184 442 1186 444 ,

315 470 538 510 Particulas
573 470 638 509 ὅτε
672 473 713 509 et
740 470 858 510 ὁπότε
892 483 983 509 cum
1016 471 1096 510 ind.
1129 471 1222 521 imp.
1260 473 1400 522 quater
1427 469 1630 509 coniunxit

206 533 414 574 Pindarus.
467 533 562 574 Non
600 533 734 586 agitur
771 533 818 573 de
851 546 894 572 re
933 546 1034 585 quae
1072 532 1161 575 fieri
1198 534 1302 575 solet
1338 547 1464 586 neque
1501 532 1549 574 de
1585 546 1628 573 re

208 600 356 639 iterata
382 599 451 638 sed
478 601 638 649 tempus
665 598 864 638 indicatur
890 611 970 649 quo
998 611 1045 637 ea
1073 612 1174 649 quae
1195 599 1239 638 in
1260 598 1424 650 apodosi
1445 599 1629 638 dicuntur

207 663 320 702 fiunt.
373 661 422 701 In
455 661 618 713 apodosi
650 661 867 714 reperimus
901 663 965 701 ter
989 660 1069 701 ind.
1098 675 1192 714 aon,
1219 662 1342 704 semel
1367 662 1476 704 infin.
1503 673 1627 714 praes.

211 741 234 766 a
261 727 383 767 verbo
410 728 538 778 φαντί
560 726 806 777 pendentem.

316 793 361 830 0.
383 790 404 829 Ι
427 791 478 830 69
517 791 620 841 πρὸς
657 790 887 842 εὐάνθεμον
920 789 958 830 δ’
989 790 1054 830 ὅτε
1087 790 1198 841 φυὰν
1230 790 1375 842 λάχναι
1401 805 1469 831 νιν
1502 788 1628 842 μέλαν

210 854 368 906 γένειον
402 855 569 907 ἔρεφον,
607 853 768 907 ἑτοῖμον
801 854 1091 908 ἀνεφρόντισεν
1123 855 1265 907 γάμον.
1319 854 1378 895 ΙΧ
1405 856 1469 895 97.
1504 854 1552 895 fr.
1575 855 1627 896 88

213 918 312 972 (58),
322 921 359 960 2.
390 922 434 959 Ο.
448 918 525 959 VII
540 919 595 959 54
621 918 744 971 φαντὶ
767 918 805 959 δ’
826 919 1058 971 ἀνθρώπων
1073 918 1239 960 παλαιαὶ
1256 919 1405 972 ῥήσιες,
1426 920 1539 960 οὔπω
1562 919 1629 960 ὅτε

206 986 339 1036 χθόνα
375 983 565 1023 δατέοντο
595 984 699 1030 Ζεύς
731 998 774 1023 τε
809 982 876 1024 καὶ
910 983 1128 1035 ἀθάνατοι,
1167 984 1348 1036 φανερὰν
1385 983 1430 1024 ἐν
1464 983 1628 1034 πελάγει

203 1047 345 1089 Ῥόδον
373 1050 497 1100 ἔμμεν
524 1050 676 1102 ποντίῳ
703 1051 784 1088 κτλ.

734 1176 767 1209 b.
808 1187 896 1208 cum
917 1175 997 1209 ind.
1022 1186 1100 1209 aor.

312 1253 442 1293 Multo
480 1254 636 1305 saepius
673 1252 901 1306 (terdecies)
937 1254 1153 1305 particulas
1189 1254 1254 1293 ὅτε
1290 1256 1332 1293 et
1369 1254 1486 1293 ὁπότε
1523 1253 1628 1304 apud

205 1317 420 1357 Pindarum
457 1331 547 1357 cum
583 1318 660 1358 ind.
689 1330 768 1358 aor.
797 1318 1028 1358 coniunctas
1064 1318 1252 1358 videmus.
1307 1316 1401 1357 Non
1433 1329 1531 1368 opus
1566 1319 1628 1356 est

204 1382 314 1422 locos
337 1382 569 1432 exscribere,
598 1381 696 1422 satis
718 1385 817 1433 puto
840 1384 1059 1422 structuras
1083 1382 1233 1422 afferre.
1274 1381 1403 1422 Semel
1425 1380 1491 1434 (Ο.
1513 1381 1534 1421 I
1556 1380 1627 1434 41)

205 1447 390 1498 apodosis
418 1446 615 1498 particula
640 1448 729 1487 τότε
756 1447 964 1487 inducitur.
1020 1447 1104 1487 Ind.
1138 1460 1218 1487 aor.
1244 1447 1435 1486 habemus
1466 1446 1509 1486 in
1537 1458 1628 1497 apo-

204 1511 291 1551 dosi
314 1511 437 1551 octies
465 1509 526 1563 (P.
542 1510 584 1550 11
601 1512 664 1551 26.
686 1511 745 1550 IV
762 1512 853 1551 224.
875 1511 916 1551 J.
932 1510 1009 1551 VH
1030 1511 1090 1551 10.
1115 1514 1160 1551 Ο.
1175 1510 1197 1550 Ι
1213 1511 1279 1551 21.
1305 1509 1361 1550 IX
1380 1511 1442 1550 72.
1471 1512 1513 1549 Ρ.
1528 1509 1627 1550 VIII

204 1577 269 1615 41.
295 1574 355 1615 XI
380 1576 440 1616 18.
480 1578 524 1615 Ο.
546 1575 567 1614 Ι
590 1576 660 1627 38,
698 1576 768 1616 ubi
802 1578 1003 1616 structura
1036 1578 1113 1616 est:
1151 1574 1378 1627 φθέγξομαι
1407 1605 1416 1614 .
1438 1605 1447 1615 .
1471 1605 1480 1614 .
1508 1575 1626 1616 ὁπότε

205 1640 393 1680 ἐκάλεσεν
425 1642 514 1679 τότε
547 1639 724 1691 ἁρπάσαι
752 1639 1018 1692 Neptunum),
1056 1640 1173 1680 indic.
1201 1640 1356 1691 imperf.
1384 1639 1494 1679 verbi
1522 1638 1627 1679 ἀΐειν

204 1703 266 1743 bis
296 1701 356 1757 (P.
378 1702 437 1743 III
461 1705 523 1744 90.
551 1703 631 1743 XII
651 1703 731 1756 10),
758 1704 874 1744 indic.
897 1704 1145 1756 plusquamp.
1167 1702 1390 1755 ἐμέμναντο
1418 1704 1486 1744 sed
1509 1716 1627 1743 sensu

190 1766 430 1820 *imperfecti
459 1769 580 1809 semel
610 1767 666 1821 (J.
688 1768 788 1808 VIII
816 1770 866 1809 27
903 1768 998 1819 [VII
1021 1767 1121 1822 30]).
1176 1768 1267 1809 Uno
1301 1768 1348 1808 de
1381 1768 1469 1808 loco
1497 1768 1626 1808 admo-

208 1833 302 1872 dum
339 1833 492 1873 difficili
519 1834 559 1874 J.
580 1833 601 1872 I
623 1835 677 1873 24
711 1847 838 1885 pauca
873 1834 1036 1873 dicenda
1072 1836 1181 1886 sunt,
1218 1834 1264 1873 de
1300 1846 1378 1885 quo
1408 1833 1484 1873 viri
1519 1834 1626 1874 docti

206 1898 337 1940 multa
362 1898 634 1939 disseruerunt
665 1912 791 1952 neque
824 1912 919 1939 vero
952 1899 1031 1940 dici
1065 1901 1199 1951 potest
1234 1899 1348 1939 litem
1375 1912 1462 1939 esse
1488 1898 1627 1939 diiudi-

204 1965 356 2014 eatam„
402 1963 515 2009 Quod
543 1963 784 2003 doctissimis
811 1976 894 2003 non
927 1963 1099 2016 contigit
1132 1977 1156 2003 a
1188 1963 1318 2003 tirone
1345 1977 1427 2003 non
1453 1963 1627 2015 pontuln-

203 2026 331 2079 bitur,
364 2030 499 2067 tamen
532 2027 662 2068 dicam
695 2041 794 2080 quae
828 2027 1008 2068 sentiam.
1064 2027 1203 2068 Sermo
1236 2028 1285 2068 fit
1317 2028 1365 2068 de
1393 2026 1559 2068 Castore
1587 2031 1627 2068 et

203 2090 324 2143 Iolao,
352 2105 520 2143 quorum
542 2093 732 2133 virtutem
754 2095 795 2132 et
817 2093 987 2145 gloriam
1010 2092 1053 2132 in
1074 2092 1357 2132 certaminibus
1384 2092 1627 2144 reportatam

205 2158 324 2206 poeta
351 2156 564 2207 praedicat.
619 2156 706 2196 Iam
732 2156 866 2209 pergit
895 2155 1002 2210 (22):
1030 2156 1174 2208 λάμπει
1202 2154 1248 2196 δὲ
1275 2157 1408 2208 σαφὴς
1433 2155 1554 2207 ἀρετὰ
1581 2158 1626 2197 ἒν

208 2232 250 2258 τε
277 2226 467 2272 γυμνοῖσι
496 2220 643 2272 (Tricl.‚
671 2228 842 2274 γυμνοῖς
868 2219 965 2274 BD)
994 2221 1173 2269 σταδίοις
1200 2223 1341 2273 σφίσιν
1367 2221 1413 2261 ἔν
1445 2218 1479 2261 τ’
1510 2220 1626 2262 ἀσπι-

206 2284 470 2326 δοδούποισιν
492 2285 674 2334 ὁπλίταις
700 2287 876 2339 δρόμοις.
917 2286 1026 2333 Quae
1049 2286 1170 2327 verba
1197 2285 1304 2327 clara
1330 2288 1424 2326 stmt
1450 2286 1520 2326 sed
1545 2286 1627 2325 iam

205 2348 392 2400 legimus:
432 2346 498 2390 οἷά
531 2365 574 2390 τε
606 2346 687 2404 (οἷς
719 2365 762 2390 τε
789 2350 847 2404 1))
879 2350 1017 2403 χερσὶν
1052 2351 1324 2398 ἀκοντίζοντες
1356 2349 1515 2403 αἰχμαὶς
1549 2349 1625 2403 (sic

203 2411 334 2465 codd.)
361 2412 427 2453 καὶ
455 2417 631 2463 λιθίνοις
659 2415 777 2456 ὁπότε
805 2416 960 2462 δίσκοις
987 2416 1058 2456 ἴεν.

311 2477 536 2519 Boeckhius
563 2482 724 2532 αἰχμαῖς
751 2481 928 2521 scribens
954 2481 1091 2520 vertit:
1131 2481 1267 2532 ‘utque
1295 2480 1477 2532 fulgebat
1502 2481 1624 2521 mani-

202 2542 277 2583 bus
305 2542 524 2583 iaculantes
558 2544 686 2585 hastis
719 2547 762 2584 et
794 2534 1001 2586 saxeorum
1033 2546 1190 2598 quando
1223 2545 1266 2584 in
1300 2544 1393 2584 ludo
1427 2544 1625 2586 discor-um
