1911 2916
773 641 923 694 Caput
949 641 1158 693 primum.

545 730 626 775 De
659 712 949 788 partieulis
982 729 1388 787 comparativis.

879 887 919 928 I.
948 886 1003 927 Ὠ
1011 903 1045 935 ς.

707 961 742 995 1.
765 958 820 1004 ὡς
837 978 878 990 =
895 962 938 995 ut
961 962 1057 1005 (sim
1079 961 1223 1004 verbo).

363 1038 567 1079 Particula
601 1039 870 1091 comparativa
904 1039 958 1085 ὡς
990 1039 1092 1090 apud
1123 1038 1339 1077 Pindarum
1371 1039 1599 1091 plerumque
1632 1041 1674 1079 in

256 1103 465 1145 sententiis
487 1104 685 1155 primariis
707 1102 827 1144 vei-bo
850 1117 931 1143 non
952 1104 1121 1155 repetito
1144 1106 1367 1155 usurpatur.
1398 1106 1442 1144 Ο.
1459 1103 1500 1147 Π
1522 1105 1574 1145 95
1601 1120 1675 1156 μα-

254 1169 400 1215 θόντες
427 1166 473 1207 δὲ
500 1168 643 1220 λάβροι
670 1170 950 1221 παγγλωσσίᾳ,
981 1170 1147 1220 κόρακες
1174 1168 1249 1218 ὥς,
1276 1169 1451 1220 ἄκραντα
1478 1170 1674 1221 γαρύετον

253 1234 356 1281 Διὸς
381 1234 484 1285 πρὸς
511 1234 651 1286 ὄρνιχα
678 1229 807 1274 θεῖον.
850 1233 888 1274 Χ
913 1234 973 1274 18.
1000 1232 1100 1273 XIII
1121 1233 1183 1273 52.
1216 1231 1259 1273 Ρ.
1282 1232 1325 1272 II
1348 1233 1401 1273 80
1434 1232 1674 1285 ἀβάπτιστός

256 1299 340 1350 εἰμι
367 1300 515 1349 φελλὸς
542 1298 596 1345 ὣς
622 1296 723 1350 ὑπὲρ
746 1298 861 1349 ἕρκος
883 1297 1052 1350 ἅλμας3)
1091 1298 1130 1338 J.
1151 1297 1211 1336 111
1233 1299 1284 1337 42
1315 1296 1393 1349 (IV
1415 1298 1496 1351 24).
1524 1299 1571 1338 fr.
1597 1301 1674 1339 123

265 1361 366 1417 (88),
401 1364 436 1403 8.
515 1363 663 1410 Quater
694 1363 931 1416 particulam
967 1363 1020 1410 ὡς
1051 1363 1315 1415 postpositam
1352 1359 1440 1415 (ὥς)
1485 1360 1673 1410 videmus,

259 1429 322 1468 bis
351 1426 415 1480 (0.
437 1428 474 1468 X
497 1429 560 1468 18.
587 1427 687 1468 XIII
709 1427 779 1480 52)
807 1428 1082 1480 antepositam.

685 1545 721 1579 2.
750 1542 805 1586 ὡς
827 1543 876 1583 εἰ,
901 1541 1056 1583 ὡσείτε,
1079 1541 1135 1586 ὡς
1155 1540 1238 1577 ὅτε.

364 1613 409 1650 Ο.
432 1610 511 1650 VII
530 1612 551 1650 1
581 1611 731 1662 φιάλαν
760 1611 814 1657 ὡς
841 1615 882 1650 εἴ
903 1625 963 1657 τις
984 1610 1151 1662 ἀφνειᾶς
1173 1610 1250 1650 ἀπὸ
1272 1611 1405 1662 χειρὸς
1427 1608 1529 1649 ἑλὼν
1552 1609 1673 1648 ἔνδον

256 1673 437 1726 ἀμπέλου
469 1675 732 1727 καχλάζοισαν
766 1676 899 1730 δρόσῳ
934 1675 1173 1726 δωρήσεται,
1205 1676 1346 1727 νεανία
1378 1675 1544 1727 γαμβρῷ
1576 1686 1673 1725 προ-

257 1741 389 1779 πίνων
416 1744 582 1780 οἴκοθεν
606 1740 741 1780 οἴκαδε
768 1741 1000 1792 πάγχρυσον
1022 1740 1208 1791 κορυφὰν
1229 1740 1418 1789 κτεάνων,
1446 1741 1672 1790 συμποσίου

257 1816 301 1842 τε
328 1803 446 1855 χάριν
473 1804 595 1851 κᾶδός
620 1818 663 1843 τε
690 1804 874 1855 τιμάσαις
900 1802 984 1844 ἑόν·
1011 1803 1057 1843 ἐν
1085 1802 1130 1843 δὲ
1152 1806 1285 1855 φίλων
1311 1805 1543 1853 παρεόντων
1570 1802 1676 1853 θῆκέ

256 1882 325 1908 νιν
355 1869 527 1916 ζαλωτὸν
556 1868 786 1922 ὁμόφρονος
813 1868 946 1916 εὐνᾶς·
979 1870 1046 1908 καὶ
1073 1868 1151 1920 ἐγὼ
1178 1867 1320 1920 νέκταρ
1343 1870 1478 1920 χυτόν,
1506 1870 1672 1907 Μοισᾶν

261 1933 392 1984 δόσιν,
419 1932 692 1985 ἀεθλοφόροις
719 1933 916 1986 ἀνδράσιν
942 1933 1121 1985 πέμπων,
1148 1935 1301 1984 γλυκὺν
1327 1934 1483 1983 καρπὸν
1509 1934 1670 1984 φρενός,

257 1997 468 2051 ἱλάσκομαι
496 1997 690 2053 Ὀλυμπίᾳ
725 2002 870 2041 Πυθοῖ
901 2014 943 2040 τε
978 2000 1250 2040 νικώντεσσιν.
1316 1998 1538 2039 Videbatur
1573 1997 1671 2037 mihi

255 2065 388 2104 totum
415 2064 546 2103 locum
573 2065 811 2123 exscribere,
846 2065 988 2116 quippe
1016 2064 1059 2104 in
1087 2078 1166 2115 quo
1193 2064 1307 2115 plura
1327 2064 1425 2115 sint,
1452 2064 1499 2103 de
1529 2063 1671 2113 quibus

254 2127 480 2168 disseratur.

360 2192 551 2232 Primum.
593 2193 646 2240 ὡς
673 2197 715 2233 εἴ
731 2208 790 2241 τις
812 2194 1044 2244 δωρήσεται.
1083 2193 1183 2233 Cum
1211 2193 1389 2233 futurum
1416 2193 1481 2232 hie
1509 2192 1670 2232 omnino

253 2254 434 2308 ineptum
467 2256 538 2310 sit,
573 2258 794 2310 δωρήσεται
828 2271 902 2310 pro
939 2258 1169 2310 δωρήσηται
1201 2257 1422 2297 habendum
1450 2259 1523 2296 est.
1578 2255 1671 2296 Non

255 2321 382 2374 igitur
409 2322 604 2363 assentior
631 2323 678 2363 de
704 2323 879 2376 Jonghio
909 2324 963 2375 (p.
989 2322 1087 2375 409)
1100 2323 1102 2325 ’
1116 2323 1336 2376 δωρήσεται
1368 2322 1549 2362 futurum
1584 2336 1670 2362 esse

252 2385 411 2427 dicenti.
444 2385 660 2439 Compei-at
696 2387 814 2428 Hom.
837 2390 876 2427 Ε
896 2389 948 2428 90
976 2390 1015 2427 et
1045 2387 1131 2428 161.
1177 2386 1314 2440 Neque
1342 2400 1435 2427 vero
1463 2387 1559 2440 iure,
1581 2400 1671 2427 cum

361 2506 392 2547 1)
416 2504 510 2544 Quae
533 2506 613 2537 sunt
633 2505 782 2547 tradita,
813 2504 949 2548 integra
971 2507 1058 2538 sunt.
1104 2505 1269 2548 Bergkius
1293 2505 1436 2538 offendit
1466 2505 1502 2538 in
1524 2504 1671 2547 repetita.

254 2557 426 2600 particula
448 2559 494 2598 ὡς
514 2561 593 2602 post
614 2559 686 2593 ἅτεε
709 2558 845 2601 iniuria,
866 2559 984 2593 videas
1005 2559 1104 2593 infra.
