1911 2916
844 76 1106 115 -49-

271 189 312 226 P.
334 184 412 225 XII
435 185 486 226 28
523 186 561 226 εἰ
586 184 635 226 δέ
656 199 718 233 τις
743 186 866 236 ὄλβος
891 182 937 222 ἐν
971 183 1266 235 ἀνθρώποισιν,
1299 185 1397 225 ἄνευ
1423 185 1605 237 καμάτου
1632 184 1683 224 οὐ

262 251 456 302 φαίνεται.
497 251 550 290 Ν.
560 249 619 290 1x
632 250 686 290 28
700 250 742 289 εἰ
746 249 945 298 δυνατόν,
961 249 1165 300 Κρονίων,
1180 254 1322 299 πεῖραν
1344 246 1419 300 μὲν
1435 248 1660 300 ἀγάνορα..

262 312 539 367 ἀναβάλλομαι
565 315 621 363 ὡς
644 315 855 366 πόρσιστα,
879 319 1029 365 μοῖραν
1055 310 1093 353 δ’
1117 312 1294 364 εὔνομον
1318 313 1437 354 αἰτέω
1465 324 1511 354 σε
1535 312 1680 355 παισὶν

258 378 393 431 δαρὸν
418 381 625 420 Αἰτναίων
652 378 824 426 ὀπάζειν.

260 461 262 463 ,
435 460 437 462 ,
763 458 767 462 .
950 454 985 492 2.

621 526 658 559 εἰ
680 536 707 560 c.
730 525 809 561 ind.
832 525 992 576 imperf.
1017 545 1060 552 -—
1080 525 1161 559 ind.
1184 536 1314 568 praee.

371 593 505 633 Unum
532 593 765 645 exemplum.
819 595 871 632 N.
893 591 973 632 VII
996 594 1048 633 74
1086 593 1125 632 εί
1158 595 1282 640 πόνος
1316 589 1386 643 ἦν,
1426 592 1470 632 τὸ
1504 595 1675 644 τερπνὸν

258 656 393 698 πλέον
419 655 660 709 πεδέρχεται.
958 712 982 751 3

371 786 433 827 Eo
455 788 611 840 saepius
640 786 844 841 coniungit
865 786 1099 840 particulam
1121 788 1160 827 εἰ
1180 801 1269 827 oum
1296 787 1507 827 indicativo
1531 786 1683 839 aoristi,

266 852 312 891 in
340 852 503 904 apodosi
528 851 638 892 varia
665 852 919 892 inveniuntur
944 854 1135 904 tempora.

691 946 721 969 a..
761 936 796 969 εἰ
819 946 845 969 c.
868 935 948 969 ind.
973 946 1053 969 aor.
1078 955 1119 960 —
1141 935 1222 968 ind.
1244 945 1377 978 praes.

370 1003 409 1042 J.
431 1002 490 1041 VI
512 1002 583 1053 (V)
602 1004 655 1043 42
694 1006 736 1042 εἴ
756 1000 844 1043 ποτ’
879 1002 1000 1053 ἐμᾶν,
1035 999 1066 1041 ὦ
1096 1005 1177 1042 Ζεῦ
1208 1003 1352 1053 πάτερ,
1390 1006 1510 1054 θυμῷ
1544 1001 1682 1041 θέλων

257 1065 371 1119 ἀρᾶν
400 1066 596 1117 ἄκουσας,
628 1071 705 1106 νῦν
731 1076 794 1116 σε,
826 1071 906 1106 νῦν
932 1066 1068 1117 εὐχαῖς
1100 1066 1177 1105 ὑπὸ
1209 1067 1459 1117 θεσπεσίαις,
1494 1067 1682 1117 λίσσομαι

259 1133 346 1170 κτλ.
385 1133 425 1170 Ρ.
447 1130 507 1170 XI
527 1130 582 1171 54
607 1129 810 1182 φθονεραὶ
836 1130 873 1171 δ’
902 1129 1123 1182 ἀμύνονται
1143 1128 1248 1182 ἆται,
1275 1135 1318 1170 εἴ
1339 1145 1399 1177 τις
1424 1131 1550 1182 ἄκρον
1577 1130 1682 1171 ἑλὼν

267 1194 397 1246 ἡσυχᾷ
424 1208 467 1233 τε
488 1196 707 1245 νεμόμενος
727 1195 848 1234 αἰνὰν
869 1195 991 1246 ὕβριν
1010 1194 1216 1246 ἀπέφυγεν
1238 1198 1319 1235 κτλ.
1350 1197 1395 1233 0.
1419 1195 1477 1234 VI
1501 1196 1567 1233 77:
1595 1208 1684 1245 pro-

260 1259 360 1299 ssasis
398 1260 436 1299 εἰ
473 1258 702 1311 ἐδώρησαν,
742 1259 926 1311 apodosis
965 1266 1097 1306 κεῖνος
1134 1260 1298 1311 κραίνει.
1351 1261 1405 1300 Ν.
1428 1258 1508 1300 VH
1533 1259 1584 1300 75
1620 1274 1682 1301 νι-

266 1326 393 1364 κῶντί
415 1338 461 1374 γε
482 1324 613 1375 χάριν,
640 1328 682 1363 εἴ
697 1338 737 1363 τι
758 1323 884 1376 πέραν
912 1323 1073 1376 ἀερθεὶς
1099 1323 1334 1377 ἀνέκραγον,
1362 1324 1412 1364 οὐ
1434 1326 1580 1377 τραχύς
1601 1326 1683 1376 εἰμι

197 1434 205 1443 ‚
262 1387 500 1441 καταθέμεν.
554 1388 671 1428 Hunc
703 1389 834 1429 locum
869 1388 1070 1429 difficilem
1107 1392 1146 1429 effi
1182 1390 1231 1429 ad
1264 1386 1603 1443 interpretandum
1641 1392 1682 1429 et

267 1455 318 1494 ad
345 1453 701 1507 interpungendum
729 1467 813 1493 esse
839 1468 921 1494 non
946 1454 1105 1506 ignor03
1131 1469 1257 1506 neque
1285 1455 1452 1502 verode
1473 1455 1537 1494 his
1561 1455 1679 1494 rebus

264 1518 385 1558 verba
411 1518 590 1575 facienda.
618 1520 710 1558 sunt
738 1517 852 1569 mihi,
886 1519 1029 1572 quippe
1057 1519 1161 1570 quod
1189 1519 1308 1558 verba
1342 1533 1365 1557 a
1392 1532 1454 1559 me
1484 1518 1680 1558 afferenda.

267 1584 354 1623 Ince
383 1583 549 1623 clariora
577 1583 667 1622 sint.

616 1667 648 1699 b.
690 1667 721 1699 εἰ
743 1677 770 1699 e.
793 1666 876 1700 ind.
902 1664 979 1699 ao'r.
1003 1686 1045 1691 —
1067 1666 1146 1700 ind.
1169 1666 1327 1710 imperf.

368 1732 501 1773 Unum
535 1735 770 1786 exemplum.
825 1737 872 1774 0.
895 1734 915 1773 Ι
934 1735 989 1775 55
1023 1735 1061 1774 εί
1092 1732 1137 1775 δὲ
1171 1736 1222 1784 δή
1255 1733 1333 1773 τιν’
1363 1735 1493 1786 ἄνδρα
1521 1737 1677 1775 θνατὸν

238 1796 461 1852 ,Ὀλύμπου
490 1797 633 1840 σκοποὶ
660 1798 863 1851 ἐτίμασαν,
890 1796 943 1851 ἦν
975 1798 1175 1847 Τάνταλος
1202 1796 1327 1846 οὗτος.

622 1894 649 1915 c.
685 1885 724 1916 εἰ
745 1895 772 1916 c.
796 1884 875 1917 ind.
900 1894 979 1915 aor.
1002 1903 1043 1907 —
1066 1883 1155 1925 imp.
1179 1893 1315 1925 praes.

371 1952 416 1989 0.
441 1949 460 1989 I
487 1951 533 1989 17
569 1949 671 1990 ἀλλὰ
703 1952 870 2002 Δωρίαν
903 1949 980 1999 ἀπὸ
1014 1951 1219 2002 φόρμιγγα
1252 1949 1459 1991 πασσάλου
1494 1948 1677 2002 λάμβαν’,

257 2017 301 2053 εἴ
322 2016 366 2053 τί
387 2028 450 2054 τοι
477 2016 608 2061 Πίσας
635 2029 677 2055 τε
704 2014 771 2054 καὶ
799 2017 1021 2067 Φερενίκου
1048 2015 1162 2066 χάρις
1187 2016 1287 2054 νόον
1308 2015 1386 2054 ὑπὸ
1410 2015 1678 2065 γλυκυτάταις

266 2079 389 2130 ἔθηκε
416 2081 640 2131 φροντίσιν.

399 2181 402 2185 ·
579 2164 609 2197 d.
650 2164 687 2197 εἰ
709 2174 736 2197 c.
759 2164 839 2197 ind.
864 2174 933 2198 aer
965 2183 1007 2189 -
1028 2164 1079 2206 μὴ
1103 2175 1130 2197 c.
1154 2164 1246 2206 imp.
1271 2174 1351 2197 aot.

371 2232 416 2269 Ο.
438 2230 537 2270 VIlI
558 2230 611 2271 54
638 2232 677 2270 εἰ
703 2228 738 2270 δ’
766 2229 843 2282 ἐγὼ
865 2231 1052 2284 Μελησίᾳ
1080 2230 1119 2279 ἐξ
1148 2230 1340 2282 ἀγενείων
1361 2231 1486 2277 κῦδος
1506 2229 1677 2283 ἀνέδρα-

266 2309 345 2346 μον
371 2295 497 2349 ὕμνῳ,
525 2297 578 2349 μὴ
605 2295 758 2349 βαλέτω
787 2309 835 2346 με
863 2297 969 2349 λίθῳ
996 2303 1135 2348 τραχεῖ
1159 2297 1325 2347 φθόνος.
1362 2345 1364 2347 q

504 2390 531 2414 e.
571 2381 608 2414 εἰ
631 2391 657 2414 c.
681 2380 763 2414 ind.
785 2379 858 2414 fut.
881 2381 924 2414 et
943 2376 1025 2415 in'd„
1050 2390 1128 2414 nor.
1151 2400 1194 2406 --
1215 2379 1305 2423 imp.
1328 2379 1429 2422 perf.

370 2447 423 2486 N.
444 2444 503 2485 XI
528 2446 578 2486 13
606 2447 650 2486 εί
676 2446 725 2486 δέ
746 2461 809 2493 τις
829 2448 960 2497 ὄλβον
985 2447 1089 2497 ἔχων
1124 2451 1261 2498 μορφᾷ
1284 2448 1581 2498 παραμεύσεται
1608 2447 1679 2487 ἅλ-

259 2513 371 2562 λους,
388 2512 432 2552 ἔν
447 2508 483 2552 τ’
497 2507 707 2552 ἀέθλοισιν
721 2510 945 2563 ἀριστεύων
962 2509 1161 2559 ἐπέδειξεν
1177 2512 1285 2562 βάκν,
1302 2513 1435 2553 θνατὰ
1452 2511 1675 2564 μεμνάσθω

265 2575 535 2626 περιστέλλων
561 2576 661 2627 μέλη
687 2579 770 2616 κτλ.

330 2644 480 2678 Brandt,
496 2645 691 2670 Mnemeion.
1401 2644 1421 2672 4
