1911 2916
828 87 1093 127 -53—

261 192 369 233 Nam
397 192 608 234 discrimen
639 194 738 234 illud
765 206 921 246 pugnae
948 194 1069 233 etism
1103 193 1137 233 si
1169 207 1248 233 non
1276 193 1463 235 Chromio
1500 194 1569 234 sed
1602 194 1671 233 alii

257 255 382 297 cuivis
427 258 599 311 armiger
643 257 867 298 adstitisses
912 270 1148 310 cognoscere
1191 258 1368 309 potuisti.
1447 258 1671 298 Discrimen

258 334 416 374 pugnae
444 322 666 374 quicunque
694 322 732 361 ei
759 316 941 361 interfuit
967 334 1203 374 cognoscere
1218 316 1372 373 potuit.
1410 322 1549 374 Neque
1576 336 1670 362 vero

255 399 432 442 pugnum
460 385 722 439 periculosam
749 385 872 426 fuisse
899 385 1015 433 facile
1042 386 1219 439 potuisse
1253 387 1438 439 cognosci
1469 387 1588 438 poeta
1615 388 1671 427 di-

256 465 343 493 cere
365 448 463 503 vult,
485 451 652 491 sed'hoc
674 450 772 491 dicit
788 447 1019 492 Ohromium
1039 451 1162 491 fuisse
1184 451 1528 505 bellicosissimum
1545 455 1664 503 atque

257 516 534 557 fortissimum.
590 515 678 556 Hoc
709 516 820 557 ,enim
859 516 1086 569 significant
1123 517 1244 556 verba
1282 516 1327 556 ἐν
1363 514 1523 570 πολέμῳ
1558 519 1670 557 κείνα

253 582 351 629 θεὸς
372 579 444 634 (sc.
467 579 621 634 Αἰδώς)
650 582 790 621 ἔντυεν
817 573 949 622 αὐτοῦ’
964 582 1101 633 θυμὸν
1124 582 1317 633 αἰχματὰν
1339 580 1509 631 ἀμύνειν
1532 582 1670 631 λοιγὸν

254 642 477 685 Ἐνυαλίου.
506 643 620 685 Unde
643 646 774 685 autem
790 645 906 685 licuit
923 658 1171 698 cognoscere,
1193 645 1423 686 Chromium
1446 645 1503 684 sic
1526 644 1670 683 fortem

254 708 409 749 fuisse?
445 708 509 748 Ex
536 709 760 750 discrimine
789 710 890 750 acris
916 709 1074 762 proelii:
1101 723 1194 749 nam
1222 723 1299 761 quo
1328 711 1390 749 est
1417 708 1544 749 maius
1571 709 1671 760 peri-

255 773 389 814 culum
415 786 588 827 pugnae,
622 787 668 814 eo
696 773 839 816 fortior
865 777 926 814 est
953 774 1006 825 is,
1034 774 1102 825 qui
1128 774 1171 813 in
1199 776 1311 814 tanto
1340 773 1565 814 discrimine
1593 772 1672 812 for-

252 838 350 878 titer
378 841 546 891 pugnet,
582 839 644 879 vel
677 841 724 877 ut
755 841 875 890 poeta
907 838 1004 878 dicit
1037 838 1256 890 ‘propulset
1292 838 1456 878 exitium
1483 837 1668 889 Enyalii'.

254 903 364 950 Quae
392 916 482 943 cum
509 903 568 942 ita
596 903 677 943 sint
705 905 869 955 apparet
896 901 947 943 ἂν
967 903 1301 955 praepositionem
1325 916 1420 942 esse.
1464 901 1597 942 Facile
1620 916 1668 942 ex

252 968 575 1008 antecedentibus
615 967 811 1019 particula
845 981 916 1007 κεν
951 968 998 1007 ad
1035 969 1194 1020 ἔκρινας
1232 967 1397 1007 ducitur.
1453 966 1670 1018 Participio

257 1032 440 1085 apposita.
467 1034 540 1073 est.

922 1149 997 1190 IV.

361 1235 555 1283 Quoniam
579 1237 625 1276 de
649 1236 808 1276 usitatis
831 1236 969 1276 formis
992 1237 1307 1276 enuntiationum
1322 1236 1668 1288 hypotheticarum

248 1300 352 1352 dixi,
388 1303 515 1341 restat
550 1304 595 1340 ut
628 1301 674 1340 de
712 1301 1072 1341 constructionibus
1112 1316 1158 1341 ex
1193 1302 1342 1341 duabus
1379 1300 1515 1341 mixtis
1548 1300 1669 1339 verba

248 1365 406 1405 faciam.

552 1494 588 1526 εἰ
611 1504 637 1527 c.
661 1493 741 1527 ind.
765 1504 894 1536 praes.
917 1514 960 1518 —
983 1495 1062 1537 opt.
1086 1504 1215 1536 praes,
1239 1505 1266 1527 c.
1290 1492 1368 1527 κέν.

356 1550 412 1599 Ν.
437 1560 475 1600 Χ
498 1561 550 1600 85
579 1562 617 1600 εἰ
643 1558 687 1600 δὲ
709 1562 951 1612 κασιγνήτου
973 1561 1064 1612 πέρι
1087 1561 1286 1612 μάρνασαι
1306 1560 1471 1599 πάντων
1493 1558 1536 1599 δὲ
1560 1566 1668 1606 νοεῖς

251 1625 561 1665 ἀποδάσσασθαι
587 1628 726 1676 Ὲισον,
765 1626 887 1677 ἥμισυ
926 1625 1000 1676 μέν
1038 1640 1082 1665 κε
1120 1625 1256 1672 πνέοις
1292 1627 1407 1676 γαίας
1445 1623 1669 1674 ὑπένερθεν

253 1690 346 1740 ἐών,
372 1690 498 1740 ἥμισυ
526 1688 565 1729 δ’
593 1690 771 1740 οὐρανοῦ
794 1690 839 1729 ἐν
860 1689 1045 1741 χρυσέοις
1067 1691 1264 1741 δόμοισιν.
1307 1692 1361 1728 Ν.
1384 1688 1461 1727 VII
1484 1689 1535 1728 86
1564 1689 1602 1727 εἰ
1623 1687 1671 1727 δέ

252 1754 411 1793 δεύεται
438 1753 588 1804 ἀνδρὸς
615 1754 717 1806 ἀνήρ
744 1769 797 1805 τι,
823 1753 972 1806 φαῖμέν
998 1768 1043 1794 κε
1071 1751 1221 1806 γείτον’
1249 1756 1413 1805 ἔμμεναι
1441 1755 1524 1807 νόῳ
1551 1754 1667 1804 φιλή-

250 1815 364 1858 σαντ’
395 1817 525 1857 ἀτενέι
553 1821 703 1869 γείτονι
729 1818 861 1870 χάρμα
888 1819 1049 1858 πάντων
1078 1819 1249 1866 ἐπάξιον.

938 1929 973 1966 2.

267 2028 270 2031 ·
340 2001 405 2055 'In
440 2003 593 2053 protasi
630 2003 668 2042 εἰ
694 2016 725 2042 c.
759 2005 838 2053 opt.
872 1992 1018 2055 prees„
1055 2003 1097 2041 in
1132 2002 1295 2054 apodosi
1328 2001 1406 2041 ind,
1444 2001 1507 2040 vel
1540 2014 1665 2052 praes.

251 2067 315 2107 vel
336 2065 477 2106 'futuri

529 2179 535 2183 .
593 2162 622 2184 a.
657 2152 693 2184 εἰ
715 2162 742 2184 c.
767 2154 846 2194 opt.
869 2162 999 2195 praes.
1024 2172 1064 2176 —
1087 2151 1167 2185 ind.
1191 2162 1322 2194 praes.
1573 2199 1578 2202 .

354 2219 394 2258 J.
424 2218 465 2258 11
489 2219 541 2259 33
570 2218 619 2259 οὐ
646 2219 723 2270 γὰρ
750 2219 894 2270 πάγος,
921 2217 1017 2259 οὐδὲ
1038 2219 1265 2271 προσάντης
1293 2218 1318 2257 ἁ
1339 2216 1531 2264 κέλευθος
1558 2218 1665 2267 γίνε-

249 2297 326 2332 ται,
354 2286 395 2321 εἴ
421 2297 480 2329 τις
507 2283 684 2330 εὐδόξων
712 2283 752 2329 ἐς
779 2283 942 2333 ἀνδρῶν
968 2284 1060 2333 ἄγοι
1088 2284 1204 2334 τιμὰς
1224 2282 1532 2321 Ἑλικωνιάδων.

611 2389 644 2422 b.
685 2390 724 2422 εἰ
747 2400 775 2422 c.
798 2391 878 2432 opt.
901 2399 1033 2432 praes.
1056 2409 1097 2414 -
1120 2389 1199 2422 ind.
1223 2388 1294 2421 fut.

356 2458 401 2497 Ο.
424 2454 524 2496 ΧΙΙΙ
548 2456 625 2496 105
669 2456 708 2496 εἰ
749 2453 795 2496 δὲ
839 2456 994 2508 δαίμων
1038 2454 1246 2507 γενέθλιος
1289 2454 1419 2508 ἕρποι,
1456 2453 1511 2494 Δὶ
1550 2452 1660 2494 τοῦτ’

242 2520 444 2576 Ἐνυαλίῳ
470 2520 510 2560 τ’.
539 2520 765 2572 ἐκδώσομεν
792 2521 999 2572 πράσσειν.
