1911 2916
812 60 1079 99 -12-

235 166 581 221 usurpabantur.²)
638 170 683 209 Ο.
710 168 769 208 V1
793 169 815 208 1
844 167 1016 221 χρυσέας
1041 168 1336 216 ὑποστάσαντες
1363 169 1534 223 εὐτειχεῖ
1548 183 1655 224 ,προ-

234 234 352 286 θύρῳ
375 231 566 285 θαλάμου
593 235 745 285 κίονας,
772 234 826 281 ὡς
853 234 918 273 ὅτε
939 235 1094 286 θαητὸν
1122 232 1297 286 μέγαρον
1323 232 1511 286 πάξομεν.
1559 235 1654 275 Pos-

232 310 368 336 sumus
403 311 497 337 sane
533 312 624 338 cum
650 297 879 338 Hermanno
918 301 960 338 et
993 299 1176 339 Dissenio
1216 298 1398 350 supplere
1431 300 1654 352 πήγνυμεν,

228 361 290 400 vel
332 375 424 401 cum
458 363 504 402 de
532 362 708 415 Jonghio
743 362 937 414 πάξομεν,
975 363 1043 403 sed
1083 364 1279 404 sententia
1312 365 1455 403 tumet:
1501 364 1654 417 melius,

229 427 264 465 si
303 426 359 473 ὡς·
392 427 457 466 ὅτε
489 428 571 466 iam
604 441 722 466 sensu
754 427 972 478 particulae
1012 427 1228 479 ‘tanquam'
1263 428 1498 480 accipiamus
1532 430 1653 469 verbo

229 504 315 530 non
343 492 545 542 suppleto,
582 504 806 541 quanquam
833 503 913 529 non
939 504 1043 543 nego
1071 492 1311 548 locutionem
1340 492 1395 532 sic
1423 492 1653 544 explicari

233 568 352 607 posse
382 558 422 595 et
450 553 643 607 debere.²)

173 611 178 616 ⁷
339 621 393 666 ὡς
428 620 531 671 apud
568 618 862 669 superlativum.
917 618 1121 658 Particula
1156 621 1209 667 ὡς
1246 621 1486 672 superlativo
1521 621 1653 662 addita

235 685 359 724 semel
388 698 482 724 usus
511 686 572 723 est
594 683 799 723 Pindarus.
827 685 879 723 N.
904 683 960 723 IX
983 684 1034 723 29
1065 682 1342 736 ἀναβάλλομαι
1369 686 1424 733 ὡς
1449 688 1653 739 πόρσιστα.

231 749 278 788 cf.
311 751 351 787 P.
370 747 430 787 IV
455 748 532 787 164
561 747 615 794 ὡς
641 747 770 799 τάχος.

421 864 458 898 3.
493 861 548 905 ὼς
571 880 612 892 =
635 860 745 905 ὅπως
766 864 852 906 post
874 864 988 898 verba
1009 860 1155 905 ὑμνεῖν
1178 865 1215 898 et
1238 856 1460 899 δεικνύναι.

339 930 582 970 Particulam
604 930 658 977 ὡς
680 943 798 969 sensu
821 930 928 977 ὅπως
949 930 993 969 in
1021 929 1229 970 sententiis
1253 930 1514 982 pendentibus
1544 945 1653 971 usur-

224 995 338 1045 pavit
350 994 545 1034 Pindarus
562 995 636 1045 bis,
653 997 746 1045 post
769 995 891 1033 verba
906 994 1051 1046 ὑμνεῖν
1068 997 1109 1034 et
1126 995 1344 1034 δεικνύναι.
1372 994 1468 1035 Loci
1486 999 1579 1035 sunt
1593 996 1652 1035 hi:

331 1061 385 1099 N.
407 1059 445 1098 V
475 1060 526 1099 26
560 1059 606 1098 αἰ
636 1057 681 1099 δὲ
708 1059 933 1111 πρώτιστον
967 1056 1042 1110 μὲν
1073 1059 1259 1112 ὕμνησαν
1294 1061 1398 1108 Διὸς
1436 1060 1651 1114 ἀρχόμεναι

228 1125 379 1175 σεμνὰν
411 1123 547 1173 Θέτιν,
582 1123 720 1174 Πηλέα
747 1123 792 1162 θ’
805 1153 816 1174 ,
852 1125 906 1169 ὥς
932 1123 979 1162 τέ
1002 1139 1069 1163 νιν
1104 1124 1207 1175 ἁβρὰ
1235 1125 1416 1176 Κρηθεῒς
1437 1116 1652 1165 Ἱππολύτα

226 1190 333 1243 δόλῳ
367 1189 537 1228 πεδᾶσαι
572 1189 696 1239 ἤθελε
734 1191 816 1227 κτλ.
872 1187 998 1227 Verbi
1034 1188 1209 1240 regentis
1246 1187 1468 1242 (ὕμνησαν)
1506 1190 1652 1230 obiecti

226 1253 398 1305 (σεμνὰν
424 1252 543 1310 Θέτιν
565 1252 705 1303 Πηλέα
727 1251 788 1305 τε)
813 1253 983 1292 alterum
1005 1253 1226 1292 membrum
1248 1252 1407 1306 (Πηλέα
1428 1253 1487 1306 τε)
1514 1268 1650 1294 rursus

227 1317 422 1368 excipitur
467 1317 665 1356 sententia
709 1331 732 1356 a
775 1317 973 1368 particula
1017 1317 1071 1363 ὡς
1110 1317 1344 1369 incipiente:
1389 1317 1444 1364 ὥς
1486 1316 1532 1357 τέ
1571 1333 1650 1358 νιν.

224 1381 410 1421 Alterum
438 1382 494 1429 ὡς
522 1381 573 1432 (v.
603 1380 674 1434 30)
704 1395 821 1421 sensu
848 1382 1065 1433 particulae
1094 1381 1157 1421 ὅτι
1184 1382 1359 1433 positum
1389 1385 1470 1435 est,
1498 1383 1544 1422 de
1573 1397 1650 1434 qua

224 1447 357 1486 videas
386 1447 500 1486 infra.

334 1514 380 1551 Ο.
403 1511 502 1550 XIII
527 1510 577 1550 75
610 1510 742 1559 δεῖξέν
769 1525 811 1550 τε
840 1511 1067 1564 Κοιρανίδᾳ
1093 1516 1227 1551 πᾶσαν
1254 1512 1443 1551 τελευτὰν
1469 1511 1649 1564 πράγμα-

223 1590 303 1626 τος,
333 1577 386 1623 ὥς
413 1575 449 1615 τ’
469 1575 547 1615 ἀνὰ
575 1578 698 1629 βωμῷ
726 1580 826 1622 θεᾶς
847 1575 1054 1623 κοιτάξατο
1076 1574 1188 1615 νύκτ’
1212 1575 1290 1616 ἀπὸ
1312 1578 1451 1616 κείνου
1472 1578 1649 1629 χρήσιος,

226 1641 281 1687 ὥς
308 1640 354 1679 τέ
377 1644 446 1680 foc
475 1641 575 1680 αὐτὰ
599 1642 731 1692 Ζηνὸς
754 1640 1059 1692 ἐγχεικεραύνου
1081 1647 1176 1687 παῖς
1198 1642 1342 1693 ἔπορεν
1365 1642 1648 1694 δαμασίφρονα

223 1707 387 1756 χρυσόν.
428 1705 550 1744 Verbi
580 1704 715 1752 δεῖξεν
738 1705 937 1744 obiectum
966 1704 1190 1757 (τελευτάν)
1218 1705 1261 1744 in
1288 1706 1365 1744 duo
1389 1706 1567 1745 membra
1594 1705 1648 1745 di-

222 1769 389 1809 viditur:
418 1770 657 1810 monstravit
685 1770 816 1820 finem,
845 1772 885 1809 et
915 1770 1111 1821 quomodo
1141 1792 1193 1798 -
1222 1773 1263 1809 et
1291 1769 1534 1824 quomodo.³)

330 1889 360 1929 1)
383 1887 478 1919 Haec
501 1888 617 1919 autem
639 1886 769 1928 ellipsis
792 1886 886 1918 verbi
909 1886 990 1918 dum
1017 1886 1054 1918 in
1083 1886 1161 1919 aliis
1185 1886 1347 1928 exemplis
1379 1897 1419 1919 ex
1443 1887 1518 1929 ipsa
1539 1886 1649 1920 forma

220 1940 412 1974 sententiae
443 1941 592 1982 quodam
623 1941 725 1974 modo
752 1942 866 1983 patet,
898 1940 935 1973 in
965 1940 1041 1974 aliis
1063 1942 1167 1983 poeta
1195 1940 1237 1973 de
1259 1941 1362 1974 verbo
1391 1940 1522 1983 aliquo,
1555 1941 1648 1982 quod

220 1993 494 2027 coniunctionem
510 1994 734 2036 temporalem
757 1996 930 2035 sequatur,
951 2004 1020 2027 non
1042 1994 1113 2027 iam
1135 1994 1304 2037 cogitasse
1320 1995 1456 2027 videtur
1478 1996 1513 2027 et
1534 1994 1571 2027 in
1592 1994 1647 2027 his

219 2048 360 2090 quidem
382 2047 580 2091 temporalis
603 2047 698 2082 notio
722 2047 969 2081 coniunctionis
994 2046 1048 2081 ὅτε
1072 2048 1244 2082 evanescit
1263 2040 1306 2082 ¹et
1333 2039 1409 2092 ipsa
1438 2058 1548 2091 paene
1570 2057 1647 2082 coa-

218 2103 319 2136 lescit
342 2114 419 2136 cum
440 2102 612 2145 particula
634 2104 696 2145 ὡς,
726 2102 778 2136 ita
806 2104 845 2135 ut
875 2102 945 2136 iam
976 2102 1178 2136 coniunctae
1210 2103 1299 2136 nihil
1330 2102 1476 2146 amplius
1509 2102 1647 2136 valeant

221 2167 323 2197 quam
347 2157 492 2199 simplex
514 2158 559 2194 ὡς
581 2157 635 2189 vel
657 2156 703 2194 ὥς
724 2168 796 2198 περ.
821 2156 1065 2189 Friedlaender
1086 2157 1108 2189 1.
1132 2157 1153 2189 l.
1177 2168 1209 2199 p.
1229 2160 1279 2189 50.

328 2212 360 2253 2)
384 2211 424 2243 cf.
449 2210 540 2243 infra
564 2210 653 2243 ἔστιν
678 2209 741 2244 ὅτε.

329 2266 360 2306 3)
382 2265 459 2297 Non
481 2275 620 2307 possum
647 2275 716 2298 non
743 2265 885 2297 laudare
909 2265 951 2297 de
973 2264 1101 2307 Jonghi
1124 2264 1382 2297 adnotationem
1404 2274 1507 2306 quam
1528 2263 1645 2306 legens

216 2318 324 2350 risum
346 2318 401 2350 vix
430 2318 610 2360 opprimas.
658 2318 800 2357 Quaerit
830 2318 920 2351 enim
951 2318 1003 2350 vir
1030 2318 1150 2350 doctus
1180 2317 1354 2359 explicans
1383 2317 1472 2350 illud
1502 2315 1646 2358 δαμασί-

216 2384 331 2414 φρονα
355 2371 493 2415 χρυσόν;
518 2382 665 2416 „ergone
688 2372 784 2414 equis
803 2374 883 2405 sunt
898 2373 1028 2405 mentes
1038 2373 1074 2405 ?“
1098 2371 1175 2404 Non
1192 2370 1299 2414 igitur
1315 2371 1515 2415 intellegere
1531 2371 1646 2413 potest

215 2436 321 2468 quam
348 2425 492 2468 insignis
526 2426 579 2458 his
601 2426 720 2470 ¹,verbis
754 2426 839 2458 insit
865 2425 1101 2468 pulchritudo,
1134 2435 1203 2458 non
1233 2425 1407 2467 intellegit
1438 2434 1646 2466 quamquam

218 2478 324 2523 paulo
354 2480 434 2512 ante
466 2481 506 2521 (V.
532 2481 585 2522 68)
619 2479 773 2513 Minerva
795 2479 928 2513 frenum
952 2478 1092 2522 φίλτρον
1115 2478 1252 2513 ἵππειον
1278 2477 1483 2512 nominavit!
1520 2477 1644 2511 ‘Wenn

214 2534 297 2567 ihr's
320 2533 419 2567 nicht
441 2533 543 2576 ffihlt,
565 2534 620 2567 ihr
641 2535 797 2568 werdet‘s
820 2534 917 2568 nicht
939 2534 1101 2577 erjagen'.
1148 2533 1286 2568 Goethe.
