1911 2916
809 77 1076 118 -51-

243 187 348 239 quod
375 186 455 225 dixi
477 188 700 239 exemplum
726 189 790 226 est
810 188 863 225 N.
881 186 962 225 VII
978 186 1029 225 89
1060 186 1100 225 εἰ
1120 184 1157 224 δ’
1183 186 1280 225 αὐτὸ
1302 185 1368 225 καὶ
1389 186 1488 232 θεὸς
1503 184 1655 237 ἀνέχοι,

240 250 285 291 ἐν
309 251 376 290 τίν
402 249 440 291 κ’
470 250 627 303 ἐθέλοι,
659 252 860 301 sermas-
886 249 930 296 ὃς
956 248 1175 300 ἐδάμασας,
1213 249 1386 302 εὐτυχῶς
1411 252 1544 290 ναίειν
1570 253 1654 290 κτλ.

238 315 467 356 Lectionem
500 315 552 356 ἂν
585 317 672 367 ἔχοι
704 315 756 354 ab
783 313 941 366 Heynio
967 312 1154 354 Dissenio
1181 312 1409 354 Hermanno
1442 317 1654 366 receptam,

238 380 288 421 ab
314 378 471 433 Heynio
498 393 681 432 perverso
709 377 945 431 explicatam
972 377 1116 419 falsam
1150 391 1235 419 csse
1262 378 1343 418 iam
1370 378 1653 419 demonstravit

237 443 500 486 Thierschius.
537 444 678 496 Neque
700 443 823 484 etiam
843 443 1009 497 Bergkii
1029 444 1257 484 coniectum
1284 456 1384 495 opus
1410 446 1481 494 θεὲ,
1508 444 1651 496 quippe

238 510 343 561 quod
365 508 503 561 ἀνέχοι
524 509 674 550 bonum
696 522 856 548 sensum
876 508 1022 548 habeafl
1044 508 1150 560 quod
1172 508 1329 559 quidem
1348 506 1648 548 Gildersleevius

237 572 279 627 (1.
302 575 328 614 1.
356 589 393 626 p.
415 571 513 626 444)
540 576 673 626 negat,
700 573 768 613 scd
796 572 843 613 cf.
871 572 989 613 Hom.
1016 586 1039 612 τ
1066 574 1139 613 111
1168 572 1347 620 εὐδικίας
1374 570 1574 624 ἀνέχῃσιν.

535 679 568 712 b.
607 679 644 712 εἰ
665 689 692 712 c.
716 680 796 721 opt.
818 688 948 721 praes.
973 698 1013 703 —
1037 680 1119 720 opt.
1143 688 1223 712 aor.
1246 689 1272 711 c.
1297 677 1348 711 κέ.

343 744 472 785 Huius
501 758 656 797 quoque
692 759 788 785 usus
827 746 931 797 apud
958 744 1172 784 Pindarum
1208 759 1330 784 unum
1362 744 1558 796 reperitur
1591 757 1654 784 ex-

237 811 427 862 emplum:
464 813 508 849 0.
531 810 589 849 VI
611 811 639 848 4
666 811 703 849 εί
729 809 764 849 δ’
798 814 859 860 εἴη
888 807 963 861 μὲν
985 806 1308 860 Ὀλυμπιονίκας,
1335 811 1457 863 βωμῷ
1483 823 1525 849 τε
1552 817 1653 860 μαν-

236 876 327 930 τείῳ
354 876 496 927 ταμίας
522 875 625 922 Διὸς
653 873 697 914 ἐν
725 876 851 928 Πίσᾳ,
878 874 1136 925 συνοικιστήρ
1163 888 1205 913 τε
1232 879 1306 913 τᾶν
1333 876 1495 913 κλεινᾶν
1517 876 1652 925 Συρα-

234 944 400 990 κοσσᾶν,
426 942 517 979 τίνα
543 953 614 978 κεν
641 940 766 990 φύγοι
787 939 919 989 ὕμνον
940 945 1073 985 κεῖνος
1094 938 1216 989 ἀνήρ;
1246 941 1287 977 P.
1310 938 1410 978 VIII
1435 940 1484 978 13
1512 938 1654 991 κέρδος

236 1001 282 1044 δὲ
309 1006 516 1055 φίλτατον,
545 1002 706 1050 ἑκόντος
732 1007 774 1043 εἴ
794 1018 854 1050 τις
881 1002 925 1042 ἐκ
952 1003 1089 1054 δόμων
1117 1001 1245 1053 φέροι.
1296 1001 1563 1054 Supplendum
1591 1006 1652 1043 est

235 1067 346 1108 ἐστὶν
372 1068 435 1107 vel
463 1072 525 1118 εἴη
552 1069 614 1107 ἄν.

341 1207 511 1246 Restani:
546 1207 723 1258 exempla.
756 1207 798 1246 in
832 1207 975 1258 quibus
1010 1207 1211 1258 optativus
1247 1207 1477 1258 potentialis
1512 1208 1652 1246 aoristi

235 1271 416 1311 absolute
443 1269 598 1322 positus
627 1273 689 1310 est
715 1283 842 1321 neque
870 1283 962 1310 vero
997 1270 1083 1309 sine
1116 1271 1344 1321 participio,
1385 1270 1491 1321 quod
1525 1271 1653 1309 instar

233 1335 406 1387 proiasis
429 1337 501 1375 est.
541 1333 643 1375 Sunt
664 1334 777 1375 haec:
805 1337 857 1374 N.
881 1334 940 1375 IV
962 1335 1015 1375 30
1043 1334 1313 1386 ἀπειρομάχας
1334 1333 1413 1374 ἐών
1434 1348 1478 1373 κε
1505 1336 1651 1387 φανείη

234 1401 356 1450 λόγον
384 1399 406 1439 ὁ
433 1399 487 1450 μὴ
515 1399 663 1447 ξυνιείς
691 1398 762 1452 (=
784 1400 824 1439 εἰ
848 1400 902 1450 μὴ
931 1398 1112 1452 ξυνιείη).
1158 1402 1203 1438 Ο.
1226 1399 1263 1438 X
1285 1400 1338 1438 20
1365 1398 1509 1449 θήξαις
1536 1398 1585 1438 δέ
1607 1414 1652 1439 κε

234 1462 351 1516 φύντ’
396 1463 517 1517 ἀρετᾷ
555 1464 647 1503 ποτὶ
684 1464 885 1516 πελώριον
921 1463 1093 1516 ὁρμάσαι
1131 1462 1248 1511 κλέος
1284 1463 1388 1515 ἀνὴρ
1432 1467 1535 1503 θεοῦ
1573 1466 1652 1503 σὺν

234 1529 396 1581 παλάμᾳ
418 1528 474 1580 (εἰ
492 1527 643 1581 θήξαι).
689 1531 729 1568 Ρ.
752 1529 790 1568 Χ
806 1529 858 1568 29
885 1527 1006 1568 ναυσὶ
1030 1527 1066 1568 δ’
1096 1529 1188 1568 οὔτε
1210 1529 1324 1576 πεζὸς
1346 1529 1421 1568 ἰὼν
1443 1528 1495 1568 ἂν
1517 1529 1653 1581 εὕροις

234 1593 274 1640 ἐς
293 1591 565 1644 Ἵπερβορέων
602 1592 740 1642 ἀγῶνα
774 1593 988 1643 θαυματὰν
1026 1592 1126 1632 ὁδόν
1165 1591 1275 1645 (οὔτε
1312 1594 1349 1632 εί
1380 1592 1526 1633 ναυσὶν
1559 1594 1651 1633 οὔτε

234 1658 272 1696 εί
297 1657 411 1705 πεζὸς
439 1660 528 1707 ἴοις,
556 1656 690 1708 εὕροις
716 1654 797 1709 ἄν).
853 1659 893 1697 Ρ.
916 1656 953 1696 Χ
975 1656 1039 1696 61.
1067 1658 1119 1695 Ν.
1143 1656 1179 1695 Χ
1203 1657 1267 1697 39.

742 1815 832 1856 ΙΠ.
881 1816 945 1856 Do
973 1816 1142 1858 iri-cali.

341 1903 429 1943 Hoc
461 1904 619 1943 nomine
659 1916 724 1942 eas
759 1903 975 1943 sententias
1010 1904 1299 1943 condicionales
1335 1903 1514 1956 inbellegi
1548 1905 1651 1956 volo,

235 1982 402 2019 quarum
437 1968 480 2007 in
508 1968 672 2020 apodosi
704 1967 949 2009 indicativus.
976 1968 1166 2020 temporis
1199 1968 1379 2009 historici
1413 1982 1504 2009 cum
1531 1969 1649 2020 parti-

236 2032 325 2072 cula
352 2032 404 2072 ἄν
432 2030 512 2084 (κέ)
541 2032 772 2071 coniunctus
799 2032 971 2083 ponitur.

925 2142 956 2178 1.

342 2214 401 2254 Ac
428 2213 601 2266 primum
629 2214 786 2265 quidem
814 2214 1033 2253 invenimus
1061 2214 1163 2254 hanc
1191 2214 1381 2254 formam:

540 2309 576 2342 εἰ
598 2320 624 2342 c.
648 2309 729 2341 ind.
752 2308 843 2352 imp.
867 2328 908 2333 —
931 2308 1011 2342 ind.
1035 2319 1114 2344 aor.
1138 2320 1166 2343 c.
1189 2309 1239 2343 ἄν
1261 2308 1340 2351 (κε’).

343 2377 396 2414 Ν.
412 2374 470 2414 IV
491 2375 541 2415 13
570 2377 608 2415 εἰ
628 2373 665 2415 δ’
694 2377 752 2415 ἔτι
775 2377 934 2427 ζαμενεῖ
958 2377 1192 2428 Τιμόκριτος
1213 2374 1332 2429 ἀελίῳ
1355 2376 1425 2422 σὸς
1442 2373 1499 2428 (Ῥ)
1520 2376 1649 2426 πατὴρ

235 2438 447 2491 ἐθάλπετο,
468 2441 654 2480 ποικίλον
676 2442 897 2492 κιθαρίζων
919 2440 999 2491 ἅμα
1021 2454 1065 2479 κε
1087 2440 1189 2493 τῷδε
1212 2438 1322 2490 μέλει
1343 2438 1500 2486 κλιθεὶς
1520 2440 1651 2490 ὕμνον

233 2503 428 2555 κελάδησε
448 2506 681 2544 καλλίνικον
702 2507 784 2544 κτλ.
827 2507 880 2543 Ν.
903 2504 983 2544 VII
1004 2505 1059 2544 24
1086 2506 1123 2544 εἰ
1143 2505 1220 2557 γὰρ
1242 2501 1294 2555 ἦν
1317 2503 1341 2544 ἕ
1357 2505 1432 2545 τὰν
1453 2504 1652 2544 ἀλάθειαν

236 2566 390 2619 ἰδέμεν,
430 2569 481 2609 οὕ
513 2583 582 2609 κεν
616 2568 752 2609 ὅπλων
790 2567 985 2619 χολωθεὶς
1017 2569 1040 2609 ὁ
1072 2570 1262 2622 καρτερὸς
1294 2573 1397 2615 Αἴας
1431 2568 1548 2616 ἔπαξε
1584 2569 1652 2608 διὰ

1347 2632 1395 2664 4*
