1911 2916
837 66 1097 107 *25-

256 172 451 224 humfwv
479 174 542 226 ἔχε
559 174 743 227 .ράβδον;
773 176 816 214 Ρ.
832 172 852 214 1
868 174 920 214 47
949 171 975 225 ἦ
1001 187 1073 216 κεν
1098 173 1326 226 ἀμνάσειεν,
1354 175 1457 222 οἵαις
1484 174 1530 215 ἐν
1556 173 1673 214 πολέ-

256 246 369 289 μοισι
400 238 544 290 μάχαις
573 238 743 290 τλάμονι
775 243 888 290 ψυχᾷ
911 234 1134 291 παρέμειν’,
1167 237 1272 289 ἁνίχ’
1302 239 1534 291 εὑρίσκοντο
1561 244 1674 279 θεῶν

255 301 454 353 παλάμαις
479 303 601 354 τιμάν
627 306 710 344 κτλ.
1207 308 1214 312 ’

787 375 825 409 8.
858 384 940 410 eum
962 376 1041 409 inl.
1065 384 1146 411 aor-

363 451 457 492 Tria
484 454 577 492 sunt
604 452 794 505 exempla,
820 452 941 493 semel
969 451 1032 506 (Ο.
1049 451 1129 492 VH
1146 450 1216 506 32)
1245 452 1287 492 in
1315 452 1478 504 apodosi
1505 453 1583 493 ind.
1599 454 1671 493 im-

257 517 355 566 perf.
377 516 610 567 reperimus,
638 517 701 556 bis
730 517 880 557 aoristi.

363 584 408 621 0.
426 579 505 621 VII
521 581 585 622 35.
627 580 755 621 JVII
772 579 867 635 (VI)
889 583 906 622 1
939 595 995 634 sq.
1025 584 1066 622 P.
1083 581 1142 622 IV
1158 582 1212 621 24
1239 579 1342 621 ἁνίκ’
1375 582 1556 633 ἄγκυραν
1582 581 1673 622 ποτὶ

255 648 505 697 χαλκόγενυν
536 647 608 686 ναῒ
637 646 902 698 κρημνάντων
935 646 1138 697 ἐπέτοσσε,
1170 650 1274 693 θοᾶς
1295 645 1465 698 Ἀργοῦς
1496 648 1673 698 χαλινόν.

255 710 462 762 Apodosin
488 710 626 749 malim
652 710 694 750 in
721 711 853 750 verbis
882 711 1203 750 antecedentibus
1232 724 1417 761 quaerere
1446 724 1565 761 quam
1593 724 1675 750 ver-

254 774 316 814 bis
357 774 514 814 δώδεκα
550 773 595 814 δὲ
628 787 752 826 usque
786 775 837 814 ad
869 774 1169 821 ἀνσπάσσαντες
1201 774 1316 826 ἀμοῖς
1346 788 1418 827 pro
1445 774 1675 826 parenthesi

254 838 405 878 habitis
437 839 630 891 apodosin
657 852 682 877 a
708 852 743 877 v.
761 829 813 879 28
841 839 1014 890 incipere
1040 841 1191 890 putare*
1207 839 1402 889 particula
1426 839 1589 879 τουτάκι
1616 839 1675 878 in-

254 904 414 944 ductam
449 916 548 955 quae
578 917 602 943 a
628 902 759 955 poetis
786 906 1002 956 usurpatur
1029 916 1101 955 pro
1130 902 1286 955 vulgari
1312 905 1401 943 τότε
1427 904 1489 944 vel
1516 905 1674 956 τηνίκαε

253 968 303 1009 cf.
314 968 490 1019 Theogn.
502 968 591 1008 842.
619 967 688 1007 Ar.
704 981 787 1019 pac.
809 967 923 1008 1045.
951 968 1069 1020 Apud
1084 967 1300 1007 Pindarum
1316 968 1438 1007 etiam
1454 971 1497 1007 P.
1508 968 1565 1008 IV
1579 969 1670 1008 255.

257 1033 316 1073 lx
334 1033 397 1073 14.
425 1047 428 1051 ’
452 1032 500 1072 fr.
519 1032 598 1073 320
617 1031 741 1085 (283).
796 1035 939 1084 τηνίκα
964 1046 1046 1073 non
1073 1035 1134 1073 est
1162 1033 1265 1084 apud
1293 1032 1514 1073 Pindarum.

840 1181 931 1221 ΠΙ.
959 1175 1083 1245 Εὖτε.

361 1264 466 1308 Effice
500 1281 617 1308 sensu
648 1268 867 1320 particulae
902 1268 967 1307 ὅτε
1000 1268 1104 1319 apud
1131 1270 1269 1319 poetas
1297 1270 1455 1307 tantum
1483 1271 1523 1308 et
1549 1268 1674 1311 Hero·

251 1333 390 1372 dotum
417 1333 631 1372 invenitur:
672 1332 720 1373 cf.
743 1332 941 1372 Kuehner.
963 1332 1005 1371 H
1022 1332 1113 1383 506,
1133 1333 1200 1372 3e.
1256 1331 1449 1372 Pindarus
1476 1333 1674 1385 particula

251 1393 340 1436 εὖτε
369 1396 494 1436 sexies
521 1410 617 1436 usus
645 1399 717 1436 est.

949 1451 983 1489 1.

355 1524 416 1565 Ac
451 1525 625 1577 primum
652 1526 811 1577 quidem
838 1528 1004 1576 usurpat
1030 1525 1267 1576 particulam
1294 1522 1384 1564 εὖτε
1412 1525 1459 1564 de
1487 1538 1529 1563 re
1556 1538 1666 1576 prae·

248 1590 370 1630 teritus
391 1590 543 1632 duobus
564 1590 675 1642 locis,
702 1603 870 1641 quorum
891 1590 934 1629 in
953 1592 1083 1640 primo
1105 1589 1341 1641 particulam
1362 1586 1451 1629 εὖτε
1473 1590 1552 1629 ind.
1568 1589 1662 1641 imp.

249 1654 443 1707 sequitur,
480 1655 523 1695 in
562 1655 688 1695 altero
727 1654 876 1694 aoristi.
937 1652 984 1694 In
1021 1656 1191 1706 utroque
1225 1654 1410 1706 apodosis
1443 1654 1559 1694 indic.
1588 1668 1658 1694 aor

254 1719 333 1758 hab
358 1721 387 1760 t.
575 1740 582 1744 -

336 1732 394 1823 ea.
422 1798 453 1824 c.
476 1785 554 1824 ind.
576 1784 672 1836 imp.
729 1787 774 1823 Ο.
791 1784 853 1823 111
869 1785 922 1823 26
958 1785 1062 1823 ἔνθα
1095 1786 1254 1830 Λατοῦς
1288 1784 1460 1823 ἱπποσόα
1487 1783 1672 1834 θυγάτηρ

252 1846 381 1896 δέξατ’
421 1846 581 1888 ἐλθόντ’
622 1847 693 1902 (sc.
715 1847 944 1901 Herculem)
974 1847 1184 1900 Ἀρκαδίας
1219 1848 1297 1887 ἀπὸ
1329 1849 1470 1899 δειρᾶν
1502 1847 1570 1887 καὶ
1602 1861 1673 1887 πο-

251 1913 523 1965 λυγνάμπτων
546 1920 701 1966 μυχῶν,
722 1910 816 1954 εὖτέ
829 1928 900 1965 μιν
917 1913 1118 1964 ἀγγελίαις
1133 1911 1371 1965 Εὐρυσθέος
1387 1911 1494 1952 ἔντυ’
1520 1912 1673 1964 ἀνάγκα

250 1980 350 2018 mk:
378 1991 467 2018 cum
496 1991 587 2018 eum
612 1978 828 2018 necessitas
854 1978 1088 2030 impelleret.

358 2043 396 2082 b.
425 2057 456 2083 c.
473 2043 553 2082 ind.
569 2056 650 2084 aor.
678 2047 726 2082 N.
754 2042 814 2082 VI
830 2043 884 2083 50
900 2042 989 2096 (57)
1027 2045 1133 2094 βαρὺ
1174 2042 1212 2082 δ’
1249 2041 1395 2094 ἔμπεσέ
1431 2052 1504 2093 σφι
1541 2049 1672 2089 νεῖκος

249 2106 375 2158 χαμαὶ
417 2108 592 2158 καταβὰς
630 2106 809 2159 Ἀχιλεὺς
857 2106 928 2158 ἀφ’
974 2106 1184 2159 ἁρμάτων,
1234 2113 1414 2157 φαεννᾶς
1458 2107 1551 2146 υἱὸν
1598 2103 1668 2146 εὖτ

248 2170 431 2223 ἐνάριξεν
454 2170 567 2218 Ἀόος
593 2171 700 2224 ἀκμᾷ
729 2172 865 2223 ἔγχεος
893 2173 1082 2219 ζακότοιο.

942 2291 978 2329 2.

356 2363 508 2405 Deinde
547 2366 786 2417 particulam
824 2362 914 2406 εὖτε
952 2364 1129 2405 videmus
1168 2379 1192 2403 a
1230 2354 1401 2404 Pindaro
1440 2339 1672 2416 usurpatam

248 2442 339 2469 cum
366 2429 413 2469 de
436 2442 478 2469 re
501 2429 635 2482 agitur
656 2443 757 2482 quae
779 2430 882 2470 solet
902 2430 1000 2482 fleri,
1026 2430 1096 2469 ubi
1118 2430 1310 2468 habemus
1332 2426 1413 2468 εὖτ’
1442 2429 1493 2469 ἂν
1516 2443 1548 2469 e.
1569 2429 1672 2469 coni.

250 2506 331 2533 aar.
375 2493 505 2536 Huius
534 2507 690 2547 quoque
718 2508 813 2534 usus
835 2495 913 2535 duo
936 2496 1095 2534 exstant
1116 2493 1312 2546 exempla;
1338 2494 1381 2534 in
1404 2494 1568 2546 apodoei
1589 2494 1668 2533 ind.

244 2572 374 2609 praes.
396 2559 603 2610 reperitur.
