1911 2916
784 85 1049 126 „52-

202 200 368 245 φρενῶν
396 194 543 244 λευρὸν
571 193 698 246 ξίφος.
767 197 806 234 Ρ.
831 195 892 234 III
914 196 967 235 63
1001 196 1039 234 εί
1065 193 1110 234 δὲ
1136 195 1312 247 σώφρων
1344 197 1495 249 ἄντρον
1522 198 1624 237 ἔναι’

203 260 260 298 ἔτι
299 259 476 308 Χείρων,
514 260 587 298 καί
620 261 665 298 τί
691 262 758 299 ,Ροι
790 262 962 311 φίλτρον
1001 259 1046 299 ἐν
1077 263 1198 312 θυμῷ
1234 260 1472 312 μελιγάρυες
1507 262 1630 313 ὕμνοι

205 321 391 373 ἁμέτεροι
412 324 544 373 τίθεν,
567 324 710 374 ἰατῆρά
731 326 799 364 τοί
810 323 882 363 κέν
904 339 971 363 νιν
991 326 1119 364 πίθον
1142 326 1213 363 καί
1229 323 1484 365 νυνέσλοτσι
1504 339 1631 379 παρα-

205 392 317 437 σχεῖν
351 386 551 439 ἀνδράσιν
586 392 745 439 θερμᾶν
778 389 913 428 νόσων
945 390 972 439 ἤ
1004 388 1304 438 τιναΛατοΐῦα
1329 388 1575 441 κεκλημένον
1604 390 1630 442 ἢ

206 450 388 503 πατέρος.
443 454 529 492 Καί
551 467 622 492 κεν
650 452 696 493 έν
722 452 869 493 ναυσὶν
897 455 1025 504 μόλον
1046 452 1196 494 Ἰονίαν
1228 453 1386 506 τέμνων
1417 454 1630 496 θάλασσαν

199 515 453 567 Ἀρέθουσαν
486 516 550 556 ἐπὶ
582 517 737 568 κράναν
772 516 869 568 παρ’
899 519 1097 557 Αἰτναῖον
1118 517 1237 565 ξένον
1267 551 1274 558 .
1298 548 1308 558 .
1330 549 1339 558 .
1372 525 1428 573 τῷ
1461 517 1535 571 μὲν
1568 520 1631 559 δι-

189 581 338 631 ·δύμας
374 581 538 632 χάριτας
575 582 613 619 εἰ
649 580 821 631 κατέβαν
859 581 1018 631 ὑγίειαν
1056 582 1168 632 ἄγων
1206 582 1382 635 χρυσέαν
1419 590 1556 634 κῶμον
1589 582 1624 623 τ’

203 644 369 685 ἀέθλων
390 647 566 684 Πυθίων
593 647 737 695 αἴγλαν
766 645 998 696 στεφάνοις,
1032 647 1127 692 τοὺς
1160 645 1383 697 ἀριστεύων
1413 646 1630 698 Φερένικος

206 708 263 749 ἕλ’
297 710 342 749 ἐν
379 711 513 761 Κίρρᾳ
544 708 659 759 ποτέ,
699 708 865 760 ἀστέρος
900 709 1116 762 οὐρανίου,
1154 713 1277 761 φαμί,
1301 711 1629 763 ’τηλαυγέστερον

206 776 326 827 κείνῳ
350 774 454 825 φάος
476 772 664 824 ἐξικόμαν
686 787 730 813 κε
753 775 889 825 βαθὺν
910 776 1062 814 πόντον
1083 775 1284 826 περάσαις.
1317 775 1414 815 Tres
1437 776 1628 817 habemus

204 839 424 878 sententias
454 838 755 888 condicionales,
781 839 956 890 priorem
983 840 1023 878 εἰ
1050 837 1094 879 δὲ
1122 840 1296 891 σώφρων
1323 862 1368 868 -
1400 840 1426 891 ἢ
1447 840 1630 893 πατέρος,

203 903 314 943 cuius
339 903 524 954 apodosis
547 906 609 942 est
630 905 758 943 πίθον
780 917 865 954 κεν,
886 904 1061 955 protasis
1086 917 1134 943 ex
1156 905 1309 944 duobus
1333 905 1521 945 membris
1539 919 1628 946 con-

203 970 300 1007 stat:
328 969 367 1007 εἰ
393 969 500 1007 ἔναιε
529 969 687 1019 Χείρων
715 967 782 1007 καὶ
804 968 926 1019 ὕμνοι
954 970 1084 1020 τίθεν,
1113 982 1213 1020 quae
1241 969 1412 1020 protasis
1437 969 1558 1009 etiam
1586 970 1629 1010 in

200 1033 398 1072 sententia
426 1033 606 1083 sequenti
633 1034 705 1072 καί
728 1047 798 1072 κεν
824 1055 870 1061 -
894 1035 1024 1085 πατήρ
1048 1034 1180 1073 animo
1205 1034 1421 1085 supplenda
1443 1036 1515 1087 est,
1540 1037 1628 1074 tum

198 1097 391 1136 habemus
421 1099 665 1136 structurum
695 1097 1005 1136 condicionalem
1033 1099 1071 1136 εί
1097 1097 1268 1148 κατέβαν
1296 1099 1407 1149 ἄγων
1433 1122 1479 1127 -
1505 1098 1627 1146 ἐξικό-

199 1176 280 1212 μαν
308 1175 388 1200 κεν.

900 1216 936 1254 2.

550 1289 587 1321 εἰ
609 1299 636 1321 c.
660 1288 741 1322 ind.
766 1299 845 1322 aor.
870 1308 911 1313 —
935 1289 1015 1322 ind.
1040 1299 1119 1322 aor.
1144 1300 1171 1322 c.
1196 1288 1275 1322 κέν.

308 1357 348 1394 Ρ.
372 1354 435 1394 III
460 1356 528 1406 73,
562 1369 679 1406 quem
708 1356 839 1395 locum
866 1356 947 1395 iam
977 1356 1094 1395 attuli
1131 1354 1199 1408 (cf.
1227 1370 1262 1395 v.
1291 1355 1371 1409 65).-
1429 1359 1468 1395 P.
1492 1355 1551 1396 IV
1572 1357 1626 1396 43

199 1421 238 1459 εἰ
264 1420 341 1472 γὰρ
372 1423 475 1460 οἴκοι
503 1434 570 1460 νιν
598 1420 695 1471 βάλε
723 1433 803 1472 παρ
826 1422 997 1473 χθόνιον
1007 1418 1123 1459 ’Ἅιδα
1149 1422 1274 1472 στόμα
1295 1424 1376 1460 κτλ.
1400 1451 1409 1461 .
1427 1452 1462 1460 ..
1490 1421 1625 1472 τετρά-

197 1500 279 1524 των
306 1486 465 1524 παίδων
493 1483 534 1524 κ’
569 1485 881 1536 ε’πιγεινομένων
909 1480 1006 1537 αἷμά
1034 1489 1100 1525 foc
1139 1488 1278 1525 κείναν
1311 1486 1407 1537 λάβε
1435 1487 1513 1525 σὺν
1541 1490 1626 1525 Δα-

198 1556 313 1596 ναοῖς
342 1550 503 1602 εὐρεῖαν
531 1550 709 1602 ἄπειρον.
756 1552 801 1589 Ο.
824 1550 903 1589 XII
929 1551 988 1590 13.

893 1671 928 1708 3.

305 1744 485 1784 Protasis
514 1745 602 1784 loco
629 1745 885 1796 participium
913 1745 1048 1795 posuit
1077 1744 1270 1784 Pindarus
1300 1744 1373 1785 bis.
1414 1747 1465 1783 N.
1489 1744 1545 1784 XI
1569 1745 1623 1783 24

199 1808 268 1848 ναὶ
296 1809 352 1860 μὰ
375 1810 452 1860 γὰρ
478 1809 613 1859 ὅρκον,
642 1808 743 1862 ἐμὰν
770 1808 893 1855 δόξαν
920 1809 1028 1860 παρὰ
1050 1810 1259 1861 Κασταλίᾳ
1279 1807 1346 1848 καὶ
1367 1807 1461 1860 παρ’
1486 1805 1626 1848 εὐδέν-

199 1875 285 1928 δρῳ
326 1875 463 1925 μολὼν
503 1875 615 1928 ὄχθῳ
654 1875 820 1926 Κρόνου
864 1874 1031 1914 κάλλιον
1070 1872 1122 1913 ἂν
1161 1874 1396 1925 δηριώντων
1441 1871 1623 1925 ἐνόστησ’

198 1938 429 1978 ἀντιπάλων
458 1937 528 1991 (=
558 1940 597 1978 εί
623 1937 793 1991 ἔμολεν).

304 2006 358 2043 Ν.
381 2003 439 2043 ΙΧ
463 2005 516 2044 34
554 2006 714 2057 Χρομίῳ
748 2018 818 2043 κεν
846 2004 1078 2051 ὑπασπίζων
1111 2004 1219 2054 παρὰ
1251 2004 1458 2054 πεζοβόαις
1485 2003 1622 2049 ἵπποις

196 2083 237 2108 τε
261 2076 374 2108 ναῶν
397 2068 430 2107 τ’
454 2068 498 2108 ἐν
521 2069 665 2120 μάχαις
687 2070 845 2119 ἔκρινας
873 2068 924 2107 ἂν
951 2069 1146 2108 κίνδυνον
1169 2067 1298 2116 ὀξείας
1320 2068 1454 2115 ἀυτᾶς.
1490 2067 1621 2108 Locus

198 2134 412 2172 admodum
452 2133 625 2172 difficilis
666 2135 736 2172 est.
801 2133 938 2172 Oritur
971 2133 1076 2172 enim
1115 2132 1312 2185 quaestio,
1347 2129 1440 2172 'AN
1473 2131 1524 2185 (v.
1553 2131 1624 2184 35)

199 2201 331 2237 utrum
361 2199 415 2238 sit
444 2199 668 2238 coniunctio
704 2212 754 2237 an
786 2197 1030 2250 praepositio
1060 2211 1107 2237 ex
1136 2197 1214 2238 ἀνὰ
1242 2199 1472 2250 apocopa-ta.
1521 2196 1625 2236 Illud

198 2263 332 2301 dicunt
374 2263 599 2315 Schmidius
637 2262 690 2314 (p.
719 2261 817 2315 215)
854 2262 1061 2301 Dissenius
1097 2262 1208 2315 (cum
1245 2263 1287 2301 in
1322 2261 1499 2301 Boeckhi
1538 2265 1626 2301 tum

198 2327 241 2366 in
271 2340 342 2366 sua
371 2326 560 2379 editione)
591 2326 789 2367 Christius
818 2326 878 2380 (in
906 2327 1038 2379 priore
1073 2325 1262 2378 editione)
1297 2325 1381 2377 alii,
1416 2325 1493 2366 hoc
1520 2325 1626 2377 Hey-

197 2392 292 2430 nius
322 2391 478 2442 Kayser
506 2392 703 2444 Bergkius
732 2391 891 2442 Mezger
921 2390 1118 2430 Christius
1152 2391 1212 2443 (in
1245 2391 1391 2430 maiore
1426 2389 1625 2441 editione).

199 2458 311 2510 Ergo
337 2457 430 2508 quid
453 2461 515 2497 est
537 2457 817 2498 iudicandum?
844 2456 885 2497 Si
907 2457 960 2496 ἄν
983 2456 1299 2497 coniunctionem
1322 2469 1407 2496 esse
1429 2456 1627 2507 putamus,

195 2536 334 2562 sensus
371 2524 434 2562 est
467 2522 546 2561 hic:
586 2523 635 2562 ‘si
664 2521 852 2562 Chromio
886 2523 1061 2575 armiger
1093 2522 1334 2573 adstitissen,
1369 2521 1624 2572 cognovisses

195 2588 408 2628 discrimen
437 2587 540 2627 acris
568 2586 733 2638 proelii’.
791 2587 899 2634 Quae
937 2587 1065 2627 dicere
1103 2589 1264 2639 poetam
1300 2584 1471 2625 voluisse
1506 2597 1624 2637 nego.
