1911 2916
814 95 1073 133 -31-

753 330 905 383 Caput
934 330 1140 371 tertium.

564 432 645 475 De
677 430 968 488 particulis
1000 429 1326 475 causalibus.

843 599 881 639 I.
924 600 1052 639 Ἐπεί.

346 685 406 725 De
452 684 537 725 ἐπεὶ
574 686 769 737 particula
806 687 1016 738 temporali
1060 686 1229 725 diximus
1269 686 1311 725 in
1351 680 1480 736 capite
1519 685 1656 735 altero,

237 764 342 791 nunc
379 750 426 790 de
465 751 612 791 causali
646 751 840 804 agendum
874 753 946 791 est.
997 749 1104 791 Ἐπεὶ
1137 753 1205 791 aut
1238 764 1383 791 novam
1417 749 1657 790 sententiam

240 815 370 855 affert:
397 816 640 867 paratactica
666 818 728 855 est
755 816 969 866 particula,
994 816 1117 855 latine
1146 815 1290 867 ‘nam'‚
1317 818 1385 854 aut
1413 815 1611 854 sententia
1633 828 1657 853 a

238 880 433 932 particula
469 879 556 920 ἐπεὶ
582 880 775 931 incipiens
804 880 854 919 ab
883 880 1137 920 antecedente
1165 880 1323 931 pendet:
1361 879 1656 931 hypotacticam

238 945 428 984 habemus
456 944 709 996 particulam,
740 944 863 984 latine
891 944 1032 995 ‘quod‚
1060 943 1407 996 quandoquidem'.
1461 944 1655 983 Pindarus

239 1008 556 1049 coniunctionem
583 1007 669 1047 ἐπεὶ
698 1021 852 1060 semper
879 1022 969 1048 cum
996 1008 1209 1048 indicativo
1238 1008 1452 1048 coniunxit.

346 1073 406 1113 Ac
441 1072 615 1124 primum
649 1073 807 1124 quidem
835 1074 882 1113 de
909 1074 1153 1125 paratactica
1179 1073 1376 1125 particula
1404 1071 1490 1112 ἐπεὶ
1517 1073 1657 1124 dicam,

240 1151 358 1189 quam
390 1137 433 1176 iu
464 1136 528 1177 his
562 1137 661 1177 locis
694 1138 859 1189 reperiri
893 1151 1043 1178 censeo.
1098 1138 1158 1177 De
1187 1138 1366 1189 exemplo
1397 1140 1442 1176 Ο.
1459 1137 1479 1176 Ι
1497 1137 1549 1176 25
1577 1137 1657 1176 iam

239 1215 359 1254 supra
374 1216 414 1254 p.
426 1203 477 1241 27
493 1202 676 1253 pluribus
694 1203 869 1242 disserui.
901 1205 946 1242 Ο.
964 1203 984 1242 I
1002 1203 1052 1244 81
1073 1203 1229 1254 quaerit
1246 1203 1389 1255 Pelops
1407 1202 1613 1242 victoriam
1634 1215 1658 1241 a

239 1266 427 1318 Neptuno
456 1266 539 1306 ἐπεὶ
566 1274 674 1319 τρεῖς
700 1281 742 1307 τε
764 1266 831 1307 καὶ
854 1266 937 1307 δέκ’
963 1268 1115 1318 ἄνδρας
1136 1267 1294 1314 ὀλέσαις
1315 1272 1492 1318 ματῆρας
1519 1265 1658 1319 (Berg-

237 1331 346 1383 kius‚
378 1336 606 1384 μναστῆρας
640 1330 767 1384 codd.)
801 1331 1065 1384 ἀναβάλλεται
1097 1332 1228 1383 γάμον
1259 1333 1474 1383 θυγατρός.
1545 1330 1582 1369 Χ
1605 1332 1656 1370 88

239 1394 325 1435 ἐπεὶ
362 1399 536 1443 πλοῦτος
562 1396 585 1437 ὁ
623 1397 758 1448 λαχὼν
795 1396 965 1448 ποιμένα
1000 1396 1171 1437 ἐπακτὸν
1197 1396 1409 1448 ἀλλότριον
1435 1396 1659 1436 θνάσκοντι

240 1461 545 1513 στυγερώτατος.
605 1463 646 1500 Ρ.
665 1460 727 1500 ΙΠ
743 1461 797 1500 34
835 1461 1009 1514 (πέμψεν
1046 1464 1292 1512 κασιγνήταν
1331 1460 1371 1507 ἐς
1405 1459 1659 1512 Λακέρειαν.)

240 1523 325 1565 ἐπεὶ
357 1526 465 1577 παρὰ
491 1526 712 1576 Βοιβιάδος
741 1533 981 1578 κρημνοῖσιν
1008 1525 1103 1579 ᾤκει
1129 1525 1344 1576 παρθένος.
1392 1525 1450 1564 ΙΧ
1470 1526 1545 1565 108
1574 1523 1659 1564 ἐπεὶ

239 1590 396 1640 θαητὸν
433 1587 542 1636 εἶδος
579 1591 732 1630 ἔπλετο.
782 1593 835 1630 Ν.
850 1590 910 1630 IV
927 1592 977 1630 31
1018 1590 1104 1630 ἐπεὶ
1143 1590 1308 1642 ῥέζοντα
1341 1605 1379 1629 τι
1412 1589 1479 1629 καὶ
1509 1594 1659 1629 παθεῖν

240 1655 381 1695 ἔοικεν.
439 1654 541 1695 0.11
561 1655 648 1695 108.
677 1655 737 1695 ῙΠ
755 1656 791 1695 6.
819 1654 877 1695 IV
899 1655 960 1696 15.
989 1654 1068 1695 VH
1085 1656 1148 1695 90.
1175 1654 1233 1694 IX
1249 1655 1311 1694 37.
1357 1656 1407 1693 Ν.
1427 1654 1487 1694 VI
1503 1655 1568 1694 23.
1594 1655 1659 1693 46.

238 1718 315 1759 VH
332 1717 430 1772 22¹)
453 1720 517 1759 93.
539 1719 577 1759 Χ
593 1718 657 1759 51.
686 1720 749 1760 57.
794 1720 833 1760 J.
849 1720 871 1759 I
890 1720 950 1760 10.
972 1720 1036 1760 45.
1065 1720 1107 1759 H
1123 1720 1187 1760 45.
1214 1718 1386 1759 VIH64.
1408 1720 1459 1759 67
1486 1717 1583 1771 (VH
1595 1719 1658 1758 69.

242 1782 321 1836 74).
364 1783 411 1823 fr.
430 1784 506 1823 169
518 1781 653 1837 (151),
670 1784 706 1824 5.
744 1784 850 1824 Ante
872 1785 1110 1836 particulam
1131 1784 1459 1836 interrogativum
1480 1784 1658 1823 videmus

240 1847 326 1888 ἐπεὶ
351 1848 529 1900 positum
556 1849 635 1889 bis:
664 1851 710 1888 0.
727 1848 787 1889 IX
803 1850 867 1889 29.
911 1852 953 1888 Ρ.
971 1848 1047 1888 VH
1064 1849 1100 1889 5.

347 1912 441 1952 Non
482 1915 618 1963 potest
660 1914 799 1965 negari
842 1927 924 1953 non
965 1926 1118 1964 semper
1155 1913 1261 1952 inter
1298 1912 1535 1964 particulam
1574 1911 1660 1952 ἐπεὶ

240 1977 524 2030 paratacticam
556 1979 597 2017 et
629 1977 925 2030 hypotacticam
958 1980 1063 2018 certe
1097 1977 1302 2018 diiudicari
1333 1989 1461 2029 posse.
1519 1975 1660 2028 Neque

242 2042 378 2094 magni
412 2042 603 2082 momenti
630 2045 709 2093 est,
742 2056 831 2082 cum
859 2043 988 2095 magis
1016 2043 1345 2094 interpunctionis
1373 2056 1494 2094 quam
1522 2056 1659 2082 sensus

243 2107 306 2147 sit.
338 2129 384 2136 —
415 2105 723 2159 Hypotacticam
750 2106 987 2159 particulam
1016 2106 1102 2147 ἐπεὶ
1130 2107 1267 2147 malim
1292 2106 1356 2147 his
1384 2107 1483 2147 locis
1510 2105 1661 2146 intelle-

242 2184 346 2224 gere.
394 2175 438 2211 0.
455 2171 514 2212 VI
531 2173 584 2212 25
611 2179 741 2212 κεῖναι
768 2174 845 2224 γὰρ
874 2172 915 2220 ἐξ
943 2174 1071 2212 ἄλλαν
1098 2173 1197 2213 ὁδὸν
1224 2172 1489 2224 ἁγεμονεῦσαι
1511 2172 1660 2212 ταύταν

241 2234 487 2288 ἐπίστανται,
509 2236 732 2288 στεφάνους
754 2236 799 2276 ἐν
816 2235 1011 2290 Ὀλυμπίᾳ
1033 2236 1119 2277 ἐπεὶ
1139 2236 1313 2285 δέξαντο.
1342 2237 1495 2277 V1161.
1523 2236 1661 2276 XIV4

242 2298 370 2351 κλῦτ’,
399 2301 484 2341 ἐπεὶ
511 2302 688 2354 εὔχομαι.
739 2304 780 2342 Ρ.
796 2300 835 2341 Π
852 2303 905 2343 35
932 2301 1048 2343 εὐναὶ
1076 2300 1120 2342 δὲ
1148 2302 1396 2354 παράτροποι
1418 2301 1458 2349 ἐς
1479 2301 1655 2342 κακότατ’

352 2443 384 2485 1)
405 2440 498 2475 Voce
526 2442 689 2484 ψεύδεσιν
716 2452 784 2476 non
806 2442 880 2475 vult
901 2442 1094 2485 vituperare
1116 2443 1218 2485 poeta
1239 2440 1432 2475 Homerum.
1477 2440 1582 2474 Recte
1605 2450 1662 2473 ex-

241 2495 351 2537 plicat
374 2495 541 2528 Christius
569 2505 680 2537 neque
707 2506 786 2529 vero
813 2496 910 2529 illum
933 2496 1046 2529 locum
1068 2496 1201 2537 attulit,
1233 2506 1275 2528 ex
1297 2507 1364 2537 quo
1386 2496 1534 2529 maxime
1557 2506 1661 2538 appa-

242 2550 327 2592 reat,
350 2549 435 2592 quid
460 2549 630 2593 significet
646 2549 734 2583 illud
749 2551 893 2592 ψεῦδοςε
915 2550 993 2583 Hes.
1010 2549 1125 2593 theog.
1143 2553 1183 2582 27
1202 2549 1333 2593 (Musae
1350 2550 1547 2592 loquuntur)
1564 2549 1662 2592 ἴδμεν

242 2603 375 2645 ψεύδεα
396 2604 502 2637 πολλὰ
524 2603 633 2648 λέγειν
655 2603 824 2646 ἐτύμοισιν
846 2604 955 2646 ὁμοῖα.
1001 2603 1050 2639 Cf.
1067 2604 1165 2638 Hom.
1182 2617 1201 2637 τ
1219 2608 1292 2639 203.
1338 2605 1487 2648 Theogn.
1502 2607 1574 2638 713.
