1911 2916
841 82 1106 120 -30-.

258 190 379 239 poeta
405 188 559 227 invidos
588 187 860 228 immoderatis
888 182 1092 230 laboribus
1119 190 1219 229 nihil
1246 189 1324 229 nisi
1352 175 1431 229 sibi
1452 191 1552 242 ipsis
1574 191 1683 230 dam-

257 265 354 290 num
387 252 537 291 afferre.
594 251 752 292 Similes
786 256 880 293 sunt
912 253 1036 293 invidi
1067 267 1279 305 puerorum
1314 254 1596 295 διελκυστίνδα
1623 254 1681 295 lu-

258 316 446 356 dentium.
502 316 641 358 Don‘ec
673 321 840 370 uterque
876 319 1038 371 paribus
1065 318 1216 359 viribus
1242 318 1377 358 funem
1403 318 1546 367 trahit,
1580 319 1682 360 nihil

257 381 389 420 damni
424 383 581 434 accipit.
639 382 683 423 Si
715 383 818 423 alter
850 383 984 435 paullo
1018 384 1162 424 fortius
1197 383 1363 432 attrahit
1389 382 1597 424 victoriam
1624 397 1682 423 re-

256 448 396 496 portat
422 460 550 498 neque
578 448 664 498 ipse
691 447 871 486 laeditur.
915 446 997 486 Ubi
1018 459 1113 487 vero
1137 448 1299 488 studens
1320 447 1529 488 victoriam
1550 460 1684 498 repor-

257 513 345 550 tare
385 511 519 550 subito
560 511 743 551 omnibus
777 512 927 550 viribus
963 511 1098 551 funem
1138 512 1305 551 attrahit
1343 512 1474 552 vincet
1513 511 1681 551 fortasse

259 574 329 614 sed
362 575 449 626 ipse
485 576 672 614 damnum
713 574 879 626 accipiet
911 576 1018 625 quod
1057 576 1304 615 adversarius
1339 576 1441 616 hanc
1479 576 1681 627 ingentem

258 639 342 679 vim
380 652 461 679 11011
501 641 731 690 exspectans
771 638 944 679 trahitur
981 638 1041 678 ita
1073 641 1119 678 ut
1146 639 1274 680 victor
1306 640 1391 692 ipse
1425 641 1565 681 cadens
1597 640 1681 680 vul-

260 707 431 744 neretur.
471 703 593 742 Funis
621 704 765 755 longus
794 703 975 743 brevisne
998 703 1052 743 sit
1077 703 1178 743 nihil
1201 704 1362 745 omnino
1385 694 1541 758 attinet,
1564 718 1681 758 quam

258 770 510 810 vehementer
538 768 639 808 alter
667 769 856 820 attrahat,
882 770 1059 809 interest.
1105 768 1213 815 Quae
1242 770 1276 809 si
1303 773 1414 809 recta
1441 773 1534 810 sunt
1556 756 1682 822 sequi-

260 838 327 873 tur
365 834 577 873 lectionem
615 839 807 883 περισσᾶς
839 834 982 873 falsam
1016 834 1057 873 in
1091 841 1288 885 περισσῶς
1320 834 1549 873 mutandam
1584 847 1681 874 esse.

257 899 314 939 Ut
346 912 446 950 puer
481 898 515 937 si
548 898 667 937 nimis
701 898 854 938 intente
886 898 1022 939 funem
1057 899 1226 938 attrahit
1259 898 1335 938 sibi
1367 898 1445 950 ipsi
1477 901 1596 938 nocet
1624 899 1681 939 sic

257 964 382 1002 invidi
409 963 633 1002 immodicis
661 963 866 1002 laboribus
893 963 995 1002 nihil
1024 964 1131 1002 aliud
1158 964 1385 1015 impetrant,
1410 962 1489 1002 nisi
1513 964 1559 1002 ut
1581 963 1679 1014 ipsis

255 1028 364 1067 cordi
392 1027 578 1079 infligant
606 1027 758 1066 volnus.
806 1027 915 1067 Haec
943 1030 1005 1067 est
1033 1027 1288 1079 comparatio,
1316 1028 1384 1068 sed
1411 1026 1542 1067 verbis
1565 1026 1680 1074 ἕλκος

257 1091 452 1140 ἐνέπαξαν
492 1090 539 1145 ἑᾷ
576 1093 731 1143 πρόσθε
770 1093 918 1145 καρδίᾳ
956 1094 1052 1131 noto
1088 1106 1163 1131 usu
1197 1092 1532 1143 comparationem
1566 1091 1681 1132 relin-

253 1156 340 1208 quit
367 1159 495 1208 poeta.

953 1230 981 1252 C.

363 1275 493 1315 Semel
533 1275 653 1314 etiam
692 1276 739 1314 de
779 1277 958 1326 tempore
996 1278 1201 1326 praesente
1237 1278 1467 1326 usurpatam
1502 1275 1678 1315 videmus

258 1354 282 1378 a
303 1339 476 1379 Pindaro
504 1339 739 1391 particulam
766 1338 864 1391 πρὶν
892 1353 981 1379 cum
1009 1339 1116 1379 infin.
1135 1340 1395 1380 coniunctam.
1439 1342 1491 1380 N.
1509 1338 1608 1379 VIII
1627 1341 1678 1379 19

256 1406 419 1457 ἵσταμαι
448 1405 498 1455 δὴ
526 1403 646 1444 ποσσὶ
675 1405 845 1456 κούφοις
872 1403 1061 1456 ἀμπνέων
1087 1419 1129 1444 τε
1157 1406 1254 1456 πρίν
1281 1403 1318 1444 τι
1346 1404 1488 1456 φάμεν.

773 1521 809 1555 2.
844 1529 926 1554 cum
948 1521 1062 1555 Indic.
1083 1530 1163 1555 aor.

361 1578 439 1617 Ter
460 1577 682 1617 invenimus
703 1578 940 1628 particulam
956 1576 1053 1627 πρὶν
1071 1591 1160 1617 cum
1177 1577 1293 1617 indic.
1310 1591 1390 1617 aor.
1408 1577 1679 1629 coniunctam3

252 1643 439 1694 apodosis
480 1642 719 1681 affirmativa
758 1645 830 1681 est.
899 1644 943 1681 Ο.
965 1640 1023 1680 IX
1045 1642 1095 1681 57
1134 1640 1232 1693 πρὶν
1266 1639 1481 1693 Ὀλύμπιος
1517 1640 1678 1693 ἁγεμὼν

252 1705 423 1759 θύγατρ’
458 1707 535 1747 ἀπὸ
569 1712 643 1757 γᾶς
665 1705 842 1746 Ἐπειῶν
865 1704 1076 1753 Ὀπόεντος
1109 1706 1357 1758 ἀναρπάσαις
1384 1706 1524 1754 ἕκαλος
1550 1709 1677 1758 μίχθη

251 1774 550 1812 Μαιναλίαισιν
584 1772 629 1811 ἐν
663 1772 815 1822 δειραῖς
848 1770 914 1810 καὶ
949 1772 1100 1810 ἔνεικεν
1133 1773 1280 1824 Λοκρῷ
1312 1774 1395 1811 κτλ.
1449 1771 1676 1811 Boeckhius

251 1836 349 1890 πρὶν
394 1836 602 1876 manifeste
648 1836 784 1875 ‘olim'
830 1849 914 1876 esse
965 1838 1081 1887 putat
1129 1849 1255 1887 neque
1300 1848 1379 1875 non
1423 1834 1676 1888 Disseniusssl)

251 1902 537 1942 Mommsenius
576 1904 682 1941 recte
721 1900 819 1952 πρὶν
855 1901 1171 1940 coniunctionem
1205 1900 1438 1952 intellegens
1471 1901 1522 1939 ad
1555 1900 1677 1939 verba

251 1952 525 2006 antecedentia
559 1964 648 2018 (56)
692 1964 840 2005 retulit.
909 1964 969 2004 De
1007 1964 1149 2004 ceteris
1188 1963 1492 2005 difficultatibus
1532 1964 1677 2016 quibus

250 2031 362 2071 locus
396 2031 572 2081 laborat,
610 2030 676 2070 hic
708 2044 791 2070 non
824 2032 886 2069 est
918 2030 1135 2069 dicendum.
1171 2052 1219 2058 —
1257 2032 1302 2069 Ο.
1318 2029 1418 2069 XIII
1442 2030 1494 2069 63
1528 2029 1572 2076 ὃς
1606 2035 1679 2075 τᾶς

251 2096 450 2146 ὀφιώδεος
475 2096 569 2136 υἱόν
595 2108 691 2135 ποτε
714 2095 920 2145 Γοργόνος
947 2090 973 2145 ἧ
1001 2093 1113 2134 πόλλ’
1143 2092 1246 2145 ἀμφὶ
1267 2100 1458 2145 κρουνοῖς
1479 2093 1676 2145 Πάγασον

252 2159 381 2209 ζεῦξαι
414 2160 580 2201 ποθέων
615 2162 788 2210 ἔπαθεν,
826 2162 923 2210 πρίν
952 2158 1003 2210 γέ
1023 2163 1092 2200 foc
1118 2159 1384 2212 χρυσάμπυκα
1410 2159 1539 2211 κούρα
1565 2161 1676 2210 χαλι-

251 2227 325 2265 νὸν
354 2226 521 2272 Παλλὰς
553 2226 733 2275 ἤνεγκεν.
787 2226 841 2263 Ν.
858 2224 916 2263 IV
934 2224 988 2264 25
1021 2223 1093 2271 ξὺν
1121 2220 1153 2276 ᾧ
1182 2237 1278 2264 ποτε
1312 2226 1463 2275 Τροΐαν
1489 2225 1677 2276 κραταιὸς

256 2290 447 2341 Τελαμὼν
483 2291 667 2342 πόρθησε
690 2321 698 2329 .
723 2320 731 2329 .
754 2318 764 2329 .
788 2289 838 2329 οὐ
870 2291 1101 2341 τετραορίας
1133 2303 1179 2341 γε
1207 2287 1305 2341 πρὶν
1333 2288 1516 2329 δυώδεκα
1542 2288 1675 2342 πέτρῳ

249 2355 385 2405 ἥρωάς
411 2354 445 2394 τ’
479 2355 781 2406 ἐπεμβεβαῶτας
809 2354 1060 2404 ἱπποδάμους
1085 2353 1178 2393 ἕλεν
1206 2352 1270 2400 δὶς
1296 2355 1442 2400 τόσους
1468 2356 1549 2393 κτλ.

361 2440 394 2482 1)
416 2439 624 2473 Adverbium
646 2440 728 2482 πρὶν
749 2439 858 2473 habes
874 2439 907 2473 J.
925 2437 1006 2472 VIII
1022 2441 1064 2472 68
1082 2437 1157 2481 (vn
1175 2440 1240 2482 75).
1263 2438 1302 2473 fr.
1323 2441 1362 2472 79
1380 2439 1448 2482 (4⁷)
1466 2442 1495 2472 1.
1521 2439 1555 2470 Ρ.
1574 2437 1620 2469 XI
1631 2440 1674 2471 39

250 2493 408 2538 (τοπρίν).
443 2494 708 2536 Praepositionis
731 2493 806 2527 1000
828 2493 935 2526 habes
957 2493 1039 2534 πρὶν
1057 2492 1176 2525 semel:
1201 2493 1353 2526 P.1V43.
1388 2492 1672 2533 cfiViger.p.442.
