1911 2916
816 68 1113 109 -32—‘

233 176 393 226 ἀθρόαν
436 176 586 225 ἔβαλον
623 175 716 215 ποτὶ
754 183 892 217 κοῖτον
931 175 1050 228 ἰόντ’,
1088 174 1173 215 ἐπεὶ
1211 174 1364 228 νεφέλᾳ
1401 175 1656 229 παρελέξατο,

231 240 382 288 ψεῦδος
424 241 554 289 γλυκὺ
599 241 805 292 μεθέπων,
849 242 982 293 ἄιδρις
1020 241 1134 292 ἀνήρ.
1194 240 1253 279 IV
1279 240 1368 281 122.
1426 241 1467 281 J.
1483 240 1582 282 VIII
1604 242 1654 282 31

338 368 545 410 Particula.
561 369 610 421 γέ
624 371 758 411 addita
775 373 837 410 est
854 371 976 410 semel
987 370 1118 425 (o.1x
1136 369 1218 425 37),
1239 373 1306 412 τοί
1319 370 1441 411 semel
1458 369 1656 423 (J.1145).

231 433 430 485 Tempora
464 435 499 474 si
534 435 708 487 quaeris,
741 435 996 487 coniungitur
1029 434 1115 475 ἐπεὶ
1143 449 1231 476 eum
1259 435 1336 475 ind.
1359 434 1511 487 imperf.
1534 436 1656 475 semel

232 496 293 548 (P.
309 497 373 538 ΙΠ
390 497 479 551 34),
522 500 741 549 praesentis
781 499 989 550 terdecies,
1034 500 1176 540 aoristi
1221 500 1402 541 sedecies.
1457 499 1657 540 Particula

232 562 397 614 ἐπειδὴ
432 563 553 603 semel
580 576 675 603 usus
703 566 765 602 est
791 562 1006 603 Pindarus:
1045 563 1084 603 J.
1102 562 1201 604 VIII
1217 563 1334 617 (VH)
1355 566 1376 604 7
1405 564 1656 615 παυσάμενοι

232 626 269 666 δ’
303 627 517 680 ἀπράκτων
554 633 690 666 κακῶν
728 628 856 677 γλυκύ
894 641 933 666 τι
973 628 1246 677 δαμωσόμεθα
1280 627 1347 667 καὶ
1383 630 1481 679 μετὰ
1513 630 1654 680 πόνον,

232 691 370 743 ἐπειδὴ
397 692 469 731 τὸν
496 689 598 742 ὑπὲρ
626 693 803 742 κεφαλᾶς
830 705 874 741 γε
904 690 1111 731 Ταντάλου
1134 692 1257 732 λίθον
1278 693 1387 745 παρά
1409 708 1469 740 τις
1489 694 1655 746 ἔτρεψεν

231 756 331 808 ἄμμι
358 757 465 802 θεός.

844 863 907 903 ΙΙ.
946 864 1044 904 Ὅτι.

339 949 544 990 Particula
566 950 628 989 ὅτι
650 949 818 990 causalis
842 950 946 1001 apud
968 950 1184 990 Pindarum
1207 964 1323 1003 saepe
1347 950 1557 1002 invenitur,
1585 950 1653 990 sed

228 1017 387 1066 praeter
413 1028 538 1054 unum
566 1014 803 1066 exemplum,
830 1015 899 1053 ubi
920 1017 1015 1066 posia
1037 1014 1201 1054 verbum
1224 1014 1410 1055 affectum
1431 1014 1653 1067 exprimens

227 1080 361 1131 posita.
401 1081 479 1131 est,
518 1092 673 1131 semper
710 1082 805 1131 post
839 1078 918 1119 alia
944 1079 1065 1119 verba
1098 1078 1294 1132 reperiizur
1322 1092 1480 1120 causam
1508 1078 1654 1119 addens

229 1144 313 1184 eius
337 1145 443 1196 quod
464 1144 508 1183 in
530 1143 854 1184 ansseeedentibus
878 1143 1028 1184 diessum
1051 1146 1123 1184 est.
1164 1144 1269 1183 Illud
1291 1136 1413 1184 unum
1431 1142 1653 1195 exemplum

228 1211 291 1247 est
317 1210 370 1247 N.
391 1207 425 1247 V
443 1209 496 1248 46
524 1210 650 1260 χαίρω
679 1206 733 1259 δ’,
769 1208 830 1248 ὅτι
864 1207 1016 1249 ἐσλοῖσι
1048 1208 1247 1261 μάρναται
1274 1204 1366 1261 πέρι
1393 1214 1501 1248 πᾶσα
1527 1209 1653 1256 πόλις.

336 1271 498 1313 Ceteros
533 1273 643 1313 locos
672 1287 696 1313 a
723 1272 934 1326 Rumpelio
962 1271 1073 1313 nullo
1103 1273 1239 1314 ordine
1268 1274 1410 1314 allaizos
1440 1273 1654 1314 seeundum

226 1341 408 1389 tempora
435 1337 684 1378 distribuam.

927 1427 961 1465 1.

323 1499 411 1539 Ὅτι
434 1514 466 1539 ο.
484 1501 562 1539 ind.
579 1513 706 1551 praes.
724 1500 923 1539 invenitur
944 1502 1017 1551 fier,
1044 1500 1087 1538 in
1108 1500 1273 1551 apodosi
1294 1501 1417 1540 habes
1434 1501 1512 1540 ind.
1523 1513 1651 1552 praes.

226 1564 348 1603 semel
366 1562 432 1617 (Ο.
448 1563 511 1603 ΠΙ
529 1563 611 1618 39),
641 1565 762 1604 semel
785 1564 1073 1616 prohibissivum
1095 1565 1149 1616 μὴ
1172 1578 1205 1605 c.
1221 1565 1315 1617 imp.
1330 1577 1458 1617 praes.
1480 1565 1518 1605 J.
1530 1564 1572 1605 11
1587 1566 1653 1617 43,

227 1629 350 1668 semel
378 1629 478 1669 coni.
502 1643 581 1668 aor.
605 1629 759 1669 adhort.
782 1630 842 1681 (P.
858 1628 895 1668 X
914 1627 994 1681 69).

923 1760 959 1798 2.

335 1835 396 1873 ὅτι
431 1848 461 1874 c.
497 1834 575 1873 ind.
610 1848 707 1874 aon:
753 1834 974 1886 quinquies.
1037 1834 1085 1873 In
1124 1834 1289 1885 epodosi
1328 1833 1406 1874 ind.
1433 1845 1559 1887 praes.
1588 1835 1650 1875 bis

225 1899 291 1949 (Ο.
306 1898 326 1937 Ι
343 1900 406 1938 62.
451 1901 493 1939 Ρ.
509 1896 610 1938 VIII
627 1898 713 1952 58),
741 1899 834 1951 imp.
857 1912 984 1950 praes.
1008 1900 1129 1939 semel
1157 1898 1214 1952 (J.
1231 1897 1330 1938 VIII
1348 1897 1459 1952 [VII]
1478 1899 1539 1951 5),
1572 1899 1651 1938 ind.

225 1977 306 2002 aor.
336 1964 457 2002 semel
486 1962 552 2016 (Ο.
569 1963 606 2001 Χ
624 1962 706 2015 31),
732 1963 811 2002 ind.
834 1963 931 2014 perf.
956 1964 1077 2003 semel
1105 1961 1165 2015 (P.
1182 1961 1222 2002 Π
1242 1962 1322 2015 73).

922 2094 959 2132 3.

333 2166 395 2207 ὅτι
423 2180 454 2207 c.
477 2167 556 2206 ind.
578 2166 692 2219 perf:
721 2168 843 2207 semel
872 2166 931 2221 (P.
950 2167 988 2207 V
1006 2166 1093 2222 20);
1121 2168 1164 2207 in
1192 2167 1358 2220 apodosi
1385 2167 1463 2207 ind.
1487 2165 1651 2221 praes.¹)

919 2298 957 2337 4.

333 2371 395 2411 ὅτι
418 2386 448 2413 c.
465 2373 544 2413 ind.
563 2373 829 2425 plusquamp.:
858 2373 992 2413 semel.
1033 2376 1079 2412 Ο.
1097 2373 1198 2412 VIII
1216 2372 1279 2413 33.
1319 2373 1361 2412 in
1383 2373 1547 2425 apodosi
1570 2371 1649 2412 ind.

222 2450 303 2477 eor.
349 2434 553 2477 Particula
580 2438 642 2478 ὅτι
669 2438 897 2489 postposita
924 2440 1001 2477 est:
1029 2434 1081 2488 ἦν
1110 2435 1171 2477 ὅτι
1198 2452 1266 2477 νιν
1293 2435 1568 2489 πεπρωμένον.

332 2578 364 2618 1)
387 2576 438 2608 De
463 2578 497 2609 P.
516 2575 547 2608 V
566 2579 605 2607 15
628 2576 744 2608 videas
767 2575 858 2608 infra
880 2586 911 2618 p.
932 2578 998 2618 33).
