1911 2916
827 75 1090 114 ..27-

244 195 430 237 praesens
466 189 592 224 κεῖται
625 182 806 234 sequitur
838 180 908 233 (N.
924 180 1003 222 VII
1019 179 1102 235 35).
1156 180 1253 221 Non
1276 195 1410 222 omnes
1439 181 1661 221 exscribam

245 249 400 352 bousb.
418 311 476 352 VI
492 311 544 358 57
578 316 752 364 τερπνᾶς
785 308 822 350 δ’
861 309 944 350 ἐπεὶ
977 310 1322 364 χρυσοστεφάνοιο
1356 310 1478 361 λάβεν
1505 312 1662 362 καρπὸν

249 375 385 428 Ηβας,
419 376 572 429 Ἀλφεςῦ
611 375 744 429 μέσσῳ
777 376 951 426 καταβὰς
982 375 1170 415 ἐκάλεσσε
1204 374 1422 415 Ποσειδᾶν’
1458 376 1663 427 εὐρυβίαν.

246 443 288 480 Ρ.
304 440 365 481 ΠΙ
382 441 433 481 38
468 438 555 480 ἀλλ’
594 438 678 479 ἐπεὶ
710 441 829 492 τείχει
861 438 989 480 θέσαν
1023 439 1069 479 ἐν
1102 439 1250 493 ξυλίνῳ
1278 440 1471 489 σύγγονοι
1497 441 1663 490 κούραν,

164 540 167 543 .
245 505 363 552 σέλας
391 504 428 544 δ’
461 503 722 557 ἀμφέδραμεν
748 505 901 556 λάβρον
922 503 1155 557 Ἁφαίστου,
1181 503 1258 544 τότ’
1292 505 1425 543 ἔειπεν
1449 500 1662 543 Ἀπόλλων.

247 573 293 611 0.
309 570 368 611 VI
384 570 449 609 47.
493 571 535 609 P.
551 568 609 609 IV
629 569 717 610 188.
761 568 802 617 ἐς
828 567 873 609 δὲ
891 567 1053 611 Ἰωλκὸν
1075 568 1159 609 ἐπεὶ
1181 568 1329 621 κατέβα
1349 573 1503 608 ναυτᾶν
1525 569 1663 618 ἄωτος,

244 635 383 683 λέξατο
420 634 572 681 πάντας
609 634 841 687 ἐπαινήσαις
874 633 1027 675 Ἰάσων.
1076 637 1134 685 ,Ο
1150 634 1190 674 II
1208 635 1258 674 87
1285 632 1374 687 (79)
1412 632 1588 685 Ἀχιλλέα
1626 632 1659 673 τ’

244 699 382 750 ἔνεικ’,
408 698 495 739 ἐπεὶ
522 701 653 750 Ζηνὸς
679 697 776 751 ἦτορ
804 702 931 746 λιταῖς
957 701 1107 750 ἔπεισε,
1135 700 1273 750 μάτηρ.
1319 702 1364 738 0.
1381 698 1440 738 VI
1459 699 1521 737 14.
1548 698 1585 737 X
1602 699 1665 738 26.

244 766 286 804 Ρ.
304 763 362 804 IX
380 765 443 804 80.
469 763 529 804 XI
548 765 612 805 33.
638 766 690 803 N.
708 763 729 802 I
746 764 811 804 35.
838 763 917 804 VII
935 764 999 803 35.
1026 763 1064 803 X
1084 763 1144 803 14.
1183 763 1232 803 In
1258 763 1321 802 his
1348 763 1448 803 locis
1471 761 1557 803 ἐπεὶ
1578 776 1667 814 par·

243 828 407 869 ticulam
446 829 704 880 temporalem
743 842 829 868 esse
867 842 948 867 non
983 828 1100 867 facile
1135 828 1344 878 quisquam
1376 828 1556 879 negabit,
1596 828 1666 867 sed

243 895 395 933 restant
429 895 617 944 quattuor
643 891 738 943 loci,
771 893 818 931 de
846 892 990 943 quibus
1019 892 1194 931 dubitari
1220 894 1365 943 potest.
1421 892 1468 931 In
1496 892 1661 943 apodosi

243 971 398 1009 semper
419 956 496 997 ind„
509 970 589 996 aor.
600 957 757 1009 legitur.
804 956 870 996 01
881 957 934 996 25
955 963 1028 997 τοῦ
1044 957 1295 1008 μεγασθενὴς
1311 955 1504 1008 ἐράσσατο
1522 957 1661 1007 γαιάο-

241 1036 314 1074 χος
329 1022 550 1072 Ποσειδᾶν,
571 1020 660 1060 ἐπεί
676 1035 746 1060 νιν
766 1025 953 1072 καθαροῦ
975 1019 1140 1073 λέβητος
1162 1021 1269 1068 ἔξελε
1286 1022 1448 1060 Κλωθὼ
1472 1020 1661 1072 ἐλέφαντι

242 1087 439 1137 φαίδιμον
463 1082 575 1137 ὦμον
596 1085 853 1137 κεκαδμένον.
892 1085 1115 1126 Boeckhius
1138 1085 1185 1125 de
1207 1085 1235 1125 J
1237 1085 1406 1138 onghius
1428 1085 1660 1137 Rumpelius

243 1150 314 1190 alii
346 1150 583 1202 particulam
615 1151 874 1202 temporalem
907 1164 991 1190 esse
1025 1150 1176 1201 dicunt,
1214 1151 1347 1201 plures
1379 1154 1426 1189 ut
1453 1150 1661 1190 Dissem'us

243 1215 598 1256 Rauchensteinius
635 1214 878 1255 Schmidtius
911 1214 1070 1267 Mezger
1110 1215 1177 1254 alii
1216 1215 1423 1255 causalem.
1491 1214 1535 1255 Si
1573 1229 1663 1254 cum

242 1279 323 1319 illis
361 1280 568 1320 vertimus:
607 1279 817 1331 Neptunus
857 1280 1005 1319 amavit
1042 1280 1246 1331 Pelopem,
1283 1283 1534 1331 postquam
1573 1294 1664 1319 eum

243 1346 447 1396 splendido
482 1346 612 1385 lebete
641 1344 786 1384 exemit
814 1343 957 1384 Clotho
986 1345 1105 1384 ebore
1133 1345 1174 1383 in
1200 1344 1328 1384 nitido
1356 1344 1521 1384 humero
1551 1358 1665 1384 orna-

242 1412 329 1448 tum
357 1407 580 1462 (Boeekh),
617 1409 694 1449 hoc
725 1409 824 1448 mihi
856 1409 937 1448 fere
970 1409 1179 1448 ridiculum
1217 1409 1387 1460 videtur,
1425 1423 1517 1448 nam
1552 1412 1663 1448 ante-

243 1487 362 1526 quam
389 1487 479 1514 eum
501 1473 646 1514 Clotho
675 1487 723 1513 ex
749 1473 878 1514 lebete
906 1473 1125 1525 exemisset,
1154 1473 1195 1512 id
1223 1476 1285 1513 est
1308 1476 1519 1525 antequam
1541 1477 1661 1513 natus

243 1542 347 1578 esset
376 1539 530 1590 Pelops,
557 1552 683 1590 neque
705 1538 916 1590 Neptunus
945 1553 1034 1578 eum
1062 1552 1193 1578 amare
1217 1538 1359 1589 potuit.
1409 1538 1547 1590 Neque
1570 1553 1661 1579 vere

242 1617 531 1656 supervacanea
559 1605 651 1644 sunt
673 1603 794 1644 verba
822 1603 856 1643 si
884 1617 930 1644 ea
958 1616 1115 1643 causam
1142 1603 1342 1643 continere
1363 1606 1562 1656 putamus,
1591 1617 1662 1644 cur

242 1669 451 1721 Neptunus
473 1669 661 1720 Pelopem
689 1670 892 1708 amaverit.
936 1670 1099 1709 Amavit
1127 1670 1233 1708 enim
1256 1668 1466 1720 Neptunus
1494 1683 1663 1720 puerum

241 1736 405 1785 propter
432 1733 604 1774 colorem
632 1736 672 1773 et
698 1733 1042 1784 pulchritudinem,
1072 1747 1150 1785 qua
1178 1733 1267 1772 inde
1296 1747 1320 1772 a
1340 1734 1471 1784 prima
1491 1733 1663 1773 infantia

243 1798 483 1849 splendebat.
526 1798 634 1838 Nam
659 1800 751 1838 utut
773 1798 820 1837 de
841 1798 911 1837 illo
934 1798 1097 1837 humero
1120 1798 1238 1837 ebore
1263 1798 1492 1850 splendente
1516 1812 1663 1849 censes,

242 1862 324 1902 sive
353 1861 560 1902 humerum
588 1863 803 1902 eburneum
831 1862 953 1902 fuisse
980 1862 1064 1902 sive
1097 1863 1265 1902 candore
1294 1863 1465 1902 eburneo
1492 1863 1664 1903 nitidum

241 1926 364 1966 fuisse
387 1927 512 1966 mavis
534 1929 687 1978 putare,
714 1926 754 1966 id
777 1929 936 1967 constat
957 1927 1020 1966 his
1041 1927 1171 1966 verbis
1195 1927 1528 1978 pulchritudinem
1549 1928 1663 1979 pueri

241 1991 408 2032 formosi
442 1991 749 2044 intellegendam
778 2004 874 2032 esse.
926 1991 980 2031 Et
1006 1996 1171 2044 propter
1198 1992 1301 2031 hanc
1327 1992 1662 2043 pulchritudinem

241 2056 452 2109 Neptunus
490 2070 657 2108 puerum
696 2057 854 2097 amavit.
908 2056 1149 2097 Particulam
1190 2055 1274 2097 ἐπεὶ
1306 2057 1432 2109 igitur
1465 2058 1663 2098 causalem

242 2135 328 2162 esse
357 2134 509 2162 censeo.

352 2189 397 2226 Ο.
414 2185 513 2226 VIII
530 2188 580 2226 37
609 2185 778 2236 γλαυκοὶ
806 2184 852 2226 δὲ
880 2187 1113 2238 δράκοντες,
1141 2185 1226 2226 ἐπεὶ
1253 2188 1397 2237 κτίσθη
1425 2186 1534 2237 νέον,
1560 2188 1664 2240 πύρ-

241 2264 316 2302 γον
338 2250 600 2303 ἐσαλλόμενοι
620 2257 741 2301 τρεῖς,
769 2251 812 2290 οί
833 2251 909 2291 δύο
931 2248 1005 2302 μὲν
1026 2251 1212 2302 κάπετον,
1241 2248 1341 2290 αὖθι
1364 2248 1401 2289 δ’
1429 2250 1659 2302 ἀτυζομένω

241 2316 371 2369 ψυχὰς
403 2316 539 2367 βάλον.
594 2315 742 2368 Agitur
775 2315 822 2356 de
856 2329 969 2356 muro
1002 2315 1174 2356 Troiano
1210 2330 1234 2356 a
1260 2315 1449 2367 Neptuno
1477 2314 1663 2368 Apolline

240 2381 374 2421 Aeaco
414 2381 631 2421 aedificato.
688 2380 826 2421 Oritur
864 2381 944 2421 iam
983 2382 1180 2433 quaestio,
1219 2382 1355 2420 utrum
1394 2380 1480 2420 ἐπεὶ
1517 2384 1663 2432 κτίσθη

241 2444 357 2498 νέον,
384 2459 435 2486 an
462 2443 547 2486 ἐπεὶ
573 2448 735 2498 κτίσθη,
763 2445 858 2487 νέον
886 2446 1040 2498 πύργος
1067 2447 1121 2486 sit
1148 2445 1368 2499 legendum.
1424 2446 1528 2485 Illud
1553 2459 1664 2497 prae-

240 2511 311 2550 bet
339 2512 423 2552 cod.
445 2510 487 2563 O,
516 2524 632 2563 quem
660 2511 787 2551 secuti
814 2514 908 2552 sunt
934 2511 1157 2552 Boeckhius
1187 2511 1320 2551 dicens
1350 2510 1465 2552 ’νέον
1487 2512 1664 2563 pertinet

241 2576 291 2615 ad
320 2577 483 2616 verbum
518 2578 685 2627 κτίσθη,
719 2589 839 2628 quum
867 2590 1001 2616 reeens
1031 2576 1189 2616 condita
1218 2580 1325 2616 esset
1353 2576 1474 2616 turris
1482 2576 1505 2627 ³,
1539 2575 1665 2615 Rum-
