1911 2916
932 178 969 213 8.

353 245 406 283 Ν.
428 242 526 285 VIII
548 244 608 285 35
627 244 837 293 uel-edm
862 243 1030 291 ἁπλόαις
1053 245 1152 292 ζωᾶς
1175 243 1421 296 ἐφαπτοίμαν
1441 247 1585 287 θανὼν
1607 246 1664 293 ὡς

244 306 359 347 παισὶ
393 307 507 355 κλέος
532 309 586 360 μὴ
612 322 660 349 ω
680 308 904 359 θῦσφαμον
935 301 1153 361 προσάψω,
1190 308 1260 348 ubi
1292 310 1483 360 προσάψω
1522 311 1661 352 malim

245 372 344 413 coni.
372 385 452 417 aot.
474 385 599 425 quam
625 371 703 412 ind.
731 371 802 412 fut.
829 372 1078 426 intellegere,
1112 385 1202 413 cum
1233 371 1300 412 hic
1333 386 1356 412 a
1382 375 1576 425 particula
1602 376 1659 424 ὣς

242 438 416 487 pmdens
447 450 608 488 perraro
640 437 873 479 inveniatur.
928 437 975 478 cf.
1008 437 1263 478 Kuehnerum
1294 437 1336 477 Π
1362 439 1387 487 ξ
1414 436 1504 491 553,
1524 441 1561 479 4.
1611 441 1659 480 cf.

244 515 281 553 p.
308 502 374 554 44,
401 501 552 542 adnott.
581 502 616 541 1.

818 661 883 703 Π.
925 662 1082 711 Ὅπως.

350 748 488 799 Neque
522 749 643 788 etiam
674 749 911 799 particulam
943 749 1050 795 ὅπως
1080 749 1236 788 videtur
1268 763 1422 790 amasse
1454 750 1664 791 Pindarus,

243 812 316 853 Bis
352 812 557 865 usurpavit
593 812 701 859 ὅπως
735 826 853 853 sensu
888 812 1063 853 adverbii
1098 813 1256 853 relativi
1292 814 1335 853 in
1362 813 1662 866 quaestionibus

242 877 514 929 pendentibus,
537 891 616 928 quo
639 878 686 917 de
708 890 784 916 usu
805 878 986 917 consulas
1003 877 1268 928 Rumpelium.
1304 878 1504 918 Particula
1524 879 1657 919 finalis

245 945 307 982 est
339 941 448 989 ὅπως
480 942 618 992 semel,
655 955 744 981 cum
778 943 857 992 opt.
886 955 964 981 aor.
993 941 1202 997 coniuncta
1236 942 1286 981 ab
1315 942 1493 993 optativo
1521 942 1661 982 aoristi

243 1007 418 1058 pendens
446 1009 486 1047 et
512 1006 600 1059 ipso
629 1019 653 1046 a
679 1006 876 1058 particula
908 1007 1017 1058 ὄφρα
1048 1007 1254 1058 pendente.
1310 1009 1364 1046 Ν.
1385 1006 1447 1046 ΙΙΙ
1469 1006 1521 1046 59
1554 1008 1663 1058 ὄφρα

244 1073 484 1117 θαλασσίαις
510 1070 669 1122 ἀνέμων
697 1071 854 1123 ῥιπαῖσι
886 1070 1087 1122 πεμφθεὶς
1119 1072 1199 1111 ὑπὸ
1233 1074 1382 1121 Τροΐαν
1414 1072 1662 1123 δορίκτυπον

244 1134 399 1175 ἀλαλὰν.
423 1137 589 1175 Λυκίων
615 1149 658 1175 τε
684 1134 905 1188 προσμένοι
938 1134 1005 1175 καὶ
1033 1138 1210 1187 Φρυγῶν
1236 1136 1466 1188 Δαρδάνων
1498 1150 1560 1187 τε,
1592 1134 1661 1176 καὶ

243 1199 503 1252 ἐγχεσφόροις
540 1199 744 1251 ἐπιμίξαις.
775 1201 1019 1240 Αἰθιόπεσσι
1056 1206 1193 1252 χεῖρας
1241 1200 1287 1240 ἐν
1320 1198 1447 1253 φρασὶ
1484 1198 1662 1251 πάξαιθ’,

245 1263 353 1310 ὅπως
380 1266 496 1314 σφίσι
523 1265 577 1315 μὴ
605 1266 793 1315 κοίρανος
820 1255 947 1304 ὀπίσω
980 1264 1104 1304 πάλιν
1136 1263 1268 1304 οἴκαδ’
1301 1264 1466 1312 ἀνεψιὸς
1495 1266 1662 1315 ζαμενὴς

237 1326 415 1368 Ἑλένοιο
450 1327 632 1380 Μέμνων
668 1329 796 1380 μόλοι.
851 1328 986 1368 Verba
1022 1328 1057 1368 si
1092 1331 1197 1378 recte
1237 1331 1329 1368 sunt
1366 1329 1515 1368 tradita
1553 1329 1658 1381 quod

244 1393 425 1444 equidem
457 1396 554 1444 puto
592 1393 648 1432 sic
680 1393 946 1444 intellegenda
978 1406 1064 1433 esse
1100 1407 1250 1433 censeo.
1304 1393 1479 1433 Achilles
1513 1394 1658 1433 missus

244 1459 305 1497 est
332 1457 507 1509 Troiam,
545 1460 592 1497 ut
624 1471 713 1497 oum
740 1456 1005 1509 Aethiopibus
1038 1470 1272 1510 congressus
1308 1457 1546 1509 praecordiis
1575 1458 1659 1497 suis

243 1522 427 1575 infigeret
453 1522 652 1575 (curam),
678 1525 724 1562 ut
751 1522 807 1562 eis
835 1536 885 1562 ne
907 1522 1088 1562 dominus
1111 1522 1299 1562 Memnon
1320 1522 1482 1563 domum
1502 1522 1660 1563 rediret.

243 1585 441 1638 (Curam)
467 1587 635 1638 inserui,
669 1600 762 1626 nam
794 1587 874 1626 tale
908 1587 1058 1637 aliquid
1090 1588 1221 1627 animo
1250 1587 1433 1638 suppleas
1466 1589 1512 1626 ut
1539 1587 1661 1638 parti-

245 1650 334 1699 cula
369 1650 499 1691 finalis
533 1650 640 1698 ὅπως
671 1649 762 1704 (μὴ)
797 1651 904 1691 clara
935 1651 1016 1690 fiat.
1071 1650 1184 1697 Quod
1211 1651 1407 1704 Bergkius
1436 1651 1571 1691 nescio
1608 1664 1661 1691 an

243 1715 462 1767 neglexerit
493 1714 613 1762 πάξαι
640 1715 777 1767 ‚boiscos
804 1716 1016 1766 coniciens,
1049 1729 1149 1767 quae
1178 1715 1409 1765 {coniectura
1435 1729 1459 1754 a
1486 1715 1660 1755 Webero

243 1780 413 1830 probata
439 1780 521 1819 iam
549 1780 599 1820 ob
628 1779 670 1819 id
696 1779 904 1819 refutanda
930 1779 1104 1830 videtur,
1131 1780 1237 1831 quod
1262 1779 1395 1834 θάπος
1420 1793 1502 1819 non
1528 1780 1662 1819 analo-

243 1844 311 1896 gia
332 1844 432 1884 alius
454 1844 533 1884 loci
554 1843 727 1884 fulcitur.
766 1844 873 1884 Bene
895 1843 1116 1884 Disaenius:
1139 1844 1199 1883 ‘ut
1221 1858 1360 1884 manus
1383 1857 1473 1884 cum
1493 1843 1659 1884 Aethio·

242 1908 361 1961 pibus
377 1921 583 1949 conserens
601 1922 688 1949 eam
705 1909 837 1948 animo
847 1908 1030 1962 infigeret
1042 1908 1284 1961 {sententiam
1296 1908 1453 1960 [malim
1464 1908 1660 1961 ‘curam’],

244 1987 293 2013 ne
320 1972 507 2013 Memnon
533 1974 689 2025 rediret,
718 1974 757 2014 h.
786 1987 816 2014 e.
844 1976 891 2014 ut
918 1986 1100 2026 pugnans
1128 1987 1218 2014 cum
1244 1973 1510 2026 Aethiopibus
1538 1974 1660 2025 inpri-

245 2038 321 2086 mis
350 2040 504 2078 curaret
524 2038 612 2089 hoc,
637 2052 687 2078 ne
709 2038 897 2078 Memnon
917 2038 1088 2078 rediret’.
1117 2037 1314 2078 Christius
1338 2038 1388 2078 ad
1411 2037 1658 2089 Heyniorum

245 2105 286 2142 et
307 2101 642 2153 Huschkiorum1)
668 2115 895 2154 perversam
922 2102 1160 2142 sententiam
1182 2101 1310 2153 rediit,
1338 2103 1502 2142 verbum
1522 2109 1660 2154 χεῖρας

245 2179 336 2206 cum
362 2166 426 2206 his
454 2165 499 2206 ἐν
525 2164 651 2219 φρασὶ
683 2164 941 2219 (praecordiis
973 2165 1223 2205 inimicorum
1249 2165 1456 2218 nimirum)
1491 2165 1659 2213 πάξαιτο

244 2243 330 2271 esse
358 2231 683 2284 coniungendam,
710 2245 809 2283 quae
838 2230 1048 2283 explicatio
1075 2230 1156 2270 iam
1191 2231 1242 2270 ab
1269 2230 1496 2271 Hermanno
1529 2233 1571 2271 et
1598 2231 1660 2271 in-

244 2295 383 2348 primis
427 2309 452 2334 a
487 2295 672 2336 Dissenio
710 2298 794 2335 tam
831 2296 932 2336 bene
969 2295 1128 2347 repulsa
1169 2298 1254 2347 est,
1296 2298 1341 2334 ut
1379 2296 1465 2335 iure
1502 2296 1659 2336 mireris

244 2361 374 2401 virum
400 2360 559 2401 doctum
586 2361 742 2401 foedam
768 2360 921 2401 istam'
908 2360 1122 2413 imaginem
1147 2372 1219 2399 nec
1240 2372 1320 2399 non
1341 2359 1459 2411 plane
1481 2353 1660 2412 ineptam

354 2480 386 2521 1)
408 2478 502 2511 Albii
536 2477 663 2510 Tibulli
696 2477 827 2520 elegiae
860 2479 939 2511 tres.
960 2480 1043 2510 1840
1076 2488 1108 2519 p.
1128 2479 1179 2509 30.
1218 2477 1254 2509 et
1286 2476 1323 2509 in
1351 2477 1501 2511 editione
1529 2477 1662 2510 Tibulli

246 2531 290 2564 ad
311 2532 328 2565 1
344 2536 375 2574 3,
391 2537 423 2566 4.
