1911 2916
838 72 1102 112 -34-

259 179 471 218 voluerunt
503 179 686 220 nonnulli
712 182 759 220 ut
788 179 1124 233 Schneidewinus,
1156 179 1480 236 Mommsenius1)
1507 182 1681 235 Rumpe-

258 243 338 284 lius
366 243 444 283 alii.
489 243 598 285 Nam
624 245 825 298 θράσσειν
849 245 950 286 nihil
977 246 1087 295 aliud
1114 260 1199 287 esse
1226 248 1361 298 potest
1388 259 1434 286 ac
1454 248 1682 300 ταράσσειν,

258 308 299 346 id
331 310 393 347 est
422 307 697 362 ‘conturbare‚
729 310 1040 362 beunruhigen’3
1075 311 1133 351 sic
1165 311 1269 363 apud
1301 310 1484 362 aequales
1518 310 1681 352 Pindari

257 372 425 414 verbum
451 375 637 427 usurpari
662 377 804 415 notum
831 377 909 427 est,
935 377 983 415 ut
1010 375 1114 427 apud
1138 373 1423 429 Aeschylum.¹)

351 437 414 481 'Si
453 442 587 479 autem
621 441 742 480 verba
775 439 798 479 ὅ
830 454 870 479 τι
901 441 1075 492 τερπνὸν
1104 444 1187 481 κτλ.
1215 441 1416 481 obiectum
1453 454 1537 480 esse
1571 442 1682 481 verbi

257 501 475 555 θρασσέτω
500 506 705 557 putamus,
739 504 978 556 significatio
1006 505 1269 546 conturbandi
1296 519 1377 546 non
1404 507 1497 557 apta
1523 506 1586 544 est
1613 505 1683 544 sed

259 571 537 620 exspectamus
569 568 732 608 verbum
769 570 817 607 ut
855 567 1105 621 concidere.³)
1162 569 1270 616 Quae
1311 569 1552 623 significatio
1592 582 1682 609 cum

260 633 366 683 apud
393 632 632 684 posteriores
661 632 819 671 demum
845 631 1122 685 inveniatur-⁴),
1147 632 1219 672 illa
1245 634 1456 684 explicatio
1484 633 1586 672 falsa
1610 634 1681 672 est.

371 696 446 736 Sed
474 698 609 736 utrum
638 697 882 735 construere:
908 709 960 736 ne
987 696 1200 736 conturbet
1221 697 1370 738 invidia
1392 697 1498 749 quod
1520 696 1549 749 (‘
1556 696 1645 736 weil
1651 695 1682 749 ')

260 764 407 812 sector,
438 774 489 800 an
516 762 562 800 ut
592 758 791 801 Christius
818 760 1038 814 Bergkium
1066 764 1224 801 secutus
1251 762 1379 801 voluit
1405 765 1499 813 post
1525 762 1685 813 φθόνος

259 828 409 877 puncto
447 825 581 877 posito
610 825 632 864 ὅ
660 840 700 865 τι
738 827 911 877 τερπνόν
945 825 1056 868 ἐστιν
1087 826 1317 879 intellegere
1351 826 1581 879 debeamus,
1617 825 1684 867 vix

259 892 378 930 certis
406 891 651 943 argumentis
681 890 888 930 diiudicari
914 891 1076 941 poterit.
1121 889 1318 930 Christius
1345 891 1495 930 nullam
1524 903 1685 930 causam

259 968 331 994 cur
369 954 427 993 sic
466 954 722 1006 explicaverit
760 954 898 994 afferre
936 954 1069 1006 potuit
1106 955 1185 995 nisi
1224 955 1330 1007 quod
1361 955 1458 995 dicit
1485 955 1565 994 hoc
1597 967 1684 994 esse

261 1019 432 1059 suavius.
477 1018 580 1058 Mihi
606 1019 683 1059 hoc
710 1032 793 1058 non
821 1032 939 1058 suave
968 1032 1053 1058 esse
1081 1018 1237 1059 videtur
1263 1022 1427 1071 propter
1449 1019 1684 1071 asyndeton:

260 1083 401 1123 malim
429 1083 473 1122 in
499 1083 631 1123 verbis
659 1083 721 1122 ὅτι
748 1096 874 1134 usque
903 1083 953 1122 ad
981 1084 1109 1123 αἰῶνα
1137 1096 1297 1123 causam
1322 1083 1494 1124 invidiae
1522 1084 1684 1123 deorum

262 1161 500 1200 cognoscere
529 1161 628 1200 quae
655 1161 705 1187 ne
733 1161 776 1188 se
805 1147 1016 1187 conturbet
1043 1151 1163 1198 poeta
1191 1151 1318 1200 optat.
1366 1148 1507 1200 Itaque
1529 1147 1685 1200 virgula

261 1215 357 1265 post
380 1213 545 1253 verbum
567 1214 726 1265 φθόνος
741 1213 874 1264 posita
891 1212 953 1252 ὅτι
969 1213 1206 1265 particulam
1222 1213 1421 1253 causalem
1438 1225 1524 1253 esse
1540 1210 1686 1265 puto.⁶)

622 1373 711 1415 ΠΙ.
759 1372 924 1414 Οὕνεκα
952 1374 1106 1413 εἵνεκεν
1134 1373 1328 1414 τοῦνεκα.

369 1460 573 1500 Particula
602 1459 749 1500 οὕνεκα
777 1458 981 1513 (οὕνεκεν)
1009 1460 1111 1511 apud
1139 1459 1353 1499 Pindarum
1381 1460 1536 1512 saepius
1566 1459 1687 1511 signi-

261 1526 447 1565 ficatione
482 1525 623 1576 ‘quod,
664 1524 1003 1576 quandoquidem'
1038 1524 1254 1571 invenitur;
1293 1524 1357 1564 bis
1397 1527 1459 1563 est
1490 1524 1687 1575 particula

261 1590 503 1629 declarativa
535 1592 581 1628 ut
615 1602 732 1641 saepe
766 1589 870 1641 apud
897 1587 1171 1641 Homerum⁸)‚
1202 1602 1329 1641 neque
1363 1602 1456 1629 vero
1488 1588 1689 1641 praeposi-

263 1655 422 1694 sitionis
449 1655 539 1694 loco
567 1654 743 1706 ponitur,
770 1654 875 1706 quod
903 1654 1009 1705 apud
1035 1654 1209 1706 tragicos
1239 1653 1467 1705 saepissime
1494 1652 1589 1705 fitff)

372 1718 430 1757 De
463 1718 604 1758 formis
637 1718 781 1757 harum
814 1718 1101 1770 particularum
1132 1718 1199 1757 hic
1232 1718 1331 1758 mihi
1363 1731 1445 1758 non
1480 1717 1687 1758 dicendum

261 1786 324 1823 est
354 1783 422 1823 ubi
450 1785 607 1823 tantum
635 1784 682 1824 de
704 1797 782 1823 usu
803 1783 947 1836 agitur.
993 1783 1123 1823 Multa
1145 1784 1266 1822 etiam
1289 1783 1336 1822 de
1359 1782 1686 1823 determinatione

261 1847 481 1888 formarum
510 1848 698 1888 disseruit
725 1846 1056 1901 Mommsenius.⁸)

372 1915 418 1951 Ο.
436 1912 532 1952 XIV
551 1913 602 1952 15
631 1914 756 1967 Λυδῷ
785 1913 862 1964 γὰρ
880 1910 1105 1964 Ἀσώπιχον
1133 1912 1177 1952 ἐν
1203 1914 1340 1967 τρόπῳ
1368 1912 1413 1952 ἐν
1440 1910 1620 1964 μελέταις
1645 1909 1683 1950 τ’

261 1976 412 2015 ἀείδων
447 1978 613 2028 ἔμολον,
653 1973 785 2016 οὕνεκ’
816 1975 1132 2028 Ὀλυμπιόνικος
1165 1976 1190 2015 ἆ
1222 1977 1402 2016 Μινύεια
1436 1981 1508 2016 σεῦ
1540 1974 1689 2016 Ὲέκατι.

372 2094 405 2135 1)
428 2085 665 2135 Ubersetzung
687 2096 771 2126 1846
792 2104 827 2136 p.
847 2096 919 2125 184.

370 2148 403 2189 2)
425 2146 537 2181 Prom.
555 2151 617 2180 627
639 2147 778 2181 Kirchh.

372 2203 406 2243 3)
430 2201 742 2234 ‘Zerschmettern’
766 2201 1010 2234 Mommsenius
1034 2201 1146 2234 vertit.

371 2258 404 2297 4)
428 2255 476 2289 Cf.
496 2255 625 2289 Buttm.
643 2255 735 2289 lexil.
754 2256 770 2288 Ι
788 2259 861 2289 211.

373 2312 405 2352 5)
429 2310 464 2343 Si
486 2320 620 2343 mecum
643 2309 831 2352 consentis,
857 2310 948 2342 hunc
970 2308 1082 2342 locum
1103 2308 1264 2351 Rumpeli
1286 2308 1395 2341 lexico
1418 2309 1480 2342 sub
1503 2307 1555 2342 ὅτι
1572 2310 1605 2350 2)
1628 2307 1691 2340 ad-

262 2364 337 2396 das.
360 2382 402 2387 ·—-
424 2364 463 2395 In
485 2364 525 2396 fr.
546 2367 619 2406 139,
637 2367 656 2396 9
681 2362 732 2396 ὅτι
761 2364 854 2405 quod
881 2363 1048 2396 traditum
1076 2364 1151 2396 erat
1180 2363 1224 2396 ab
1246 2362 1439 2395 Hermanno
1462 2362 1591 2405 optimo
1614 2360 1689 2393 iure

262 2417 416 2451 deletum
439 2419 500 2451 est.

373 2473 406 2514 6)
430 2471 478 2505 cf.
497 2472 686 2505 Ameisium
709 2473 754 2505 ad
776 2484 792 2505 ε
809 2476 882 2506 216.

374 2528 405 2568 7)
430 2524 478 2558 Of.
496 2525 620 2568 Krueg.
643 2526 696 2560 Di.
716 2530 768 2569 68,
788 2529 840 2568 19,
859 2529 888 2559 2.
934 2526 1131 2560 Mommsen.
1150 2536 1227 2560 ann.
1247 2525 1338 2558 critt.
1357 2523 1468 2566 suppl.
1490 2534 1523 2566 p.
1542 2526 1616 2556 202.

370 2582 403 2622 8)
426 2579 449 2614 l.
468 2579 489 2614 1.
514 2591 547 2622 p.
568 2583 628 2612 197
643 2592 686 2613 ss.
