<?xml version="1.0" encoding="UTF-8"?>
<!DOCTYPE html PUBLIC "-//W3C//DTD XHTML 1.0 Transitional//EN"
    "http://www.w3.org/TR/xhtml1/DTD/xhtml1-transitional.dtd">
<html xmlns="http://www.w3.org/1999/xhtml" xml:lang="en" lang="en">
 <head>
  <title>
</title>
<meta http-equiv="Content-Type" content="text/html;charset=utf-8" />
  <meta name='ocr-system' content='tesseract 3.04.00' />
  <meta name='ocr-capabilities' content='ocr_page ocr_carea ocr_par ocr_line ocrx_word'/>
</head>
<body>
  <div class='ocr_page' id='page_1' title='image "4771427_0067.png"; bbox 0 0 1911 2916; ppageno 0'>
   <div class='ocr_carea' id='block_1_1' title="bbox 0 0 425 568">
    <p class='ocr_par' dir='ltr' id='par_1_1' title="bbox 0 0 425 568">
     <span class='ocr_line' id='line_1_1' title="bbox 0 0 425 568; baseline 0 2348"><span class='ocrx_word' id='word_1_1' title='bbox 0 0 425 568; x_wconf 95' lang='lat' dir='ltr'><strong> </strong></span> 
     </span>
    </p>
   </div>
   <div class='ocr_carea' id='block_1_2' title="bbox 854 732 1074 777">
    <p class='ocr_par' dir='ltr' id='par_1_2' title="bbox 854 732 1074 777">
     <span class='ocr_line' id='line_1_2' title="bbox 854 732 1074 777; baseline 0 -1"><span class='ocrx_word' id='word_1_2' title='bbox 854 732 1074 777; x_wconf 81' lang='lat' dir='ltr'><strong>Vita.</strong></span> 
     </span>
    </p>
   </div>
   <div class='ocr_carea' id='block_1_3' title="bbox 897 838 1026 844">
    <p class='ocr_par' dir='ltr' id='par_1_3' title="bbox 897 838 1026 844">
     <span class='ocr_line' id='line_1_3' title="bbox 897 838 1026 844; baseline 0 0"><span class='ocrx_word' id='word_1_3' title='bbox 897 838 1026 844; x_wconf 95' lang='lat' dir='ltr'><strong> </strong></span> 
     </span>
    </p>
   </div>
   <div class='ocr_carea' id='block_1_4' title="bbox 250 911 1673 1727">
    <p class='ocr_par' dir='ltr' id='par_1_4' title="bbox 250 911 1673 1727">
     <span class='ocr_line' id='line_1_4' title="bbox 358 911 1668 953; baseline 0 -1"><span class='ocrx_word' id='word_1_4' title='bbox 358 912 488 953; x_wconf 83' lang='lat' dir='ltr'><strong>Natus</strong></span> <span class='ocrx_word' id='word_1_5' title='bbox 522 926 610 953; x_wconf 90' lang='lat' dir='ltr'><strong>sum</strong></span> <span class='ocrx_word' id='word_1_6' title='bbox 635 912 781 952; x_wconf 82' lang='lat' dir='ltr'><strong>Paulus</strong></span> <span class='ocrx_word' id='word_1_7' title='bbox 815 911 965 952; x_wconf 87' lang='lat' dir='ltr'><strong>Brandt</strong></span> <span class='ocrx_word' id='word_1_8' title='bbox 993 911 1192 953; x_wconf 82' lang='lat' dir='ltr'><strong>Oothenae</strong></span> <span class='ocrx_word' id='word_1_9' title='bbox 1220 913 1531 953; x_wconf 79' lang='lat' dir='ltr'><strong>Anhaltinorum</strong></span> <span class='ocrx_word' id='word_1_10' title='bbox 1565 927 1598 952; x_wconf 88' lang='lat' dir='ltr'><strong>a.</strong></span> <span class='ocrx_word' id='word_1_11' title='bbox 1627 914 1668 953; x_wconf 86' lang='lat' dir='ltr'><strong>d.</strong></span> 
     </span>
     <span class='ocr_line' id='line_1_5' title="bbox 251 976 1672 1029; baseline -0.001 -11"><span class='ocrx_word' id='word_1_12' title='bbox 251 977 320 1018; x_wconf 90' lang='lat' dir='ltr'><strong>IV.-</strong></span> <span class='ocrx_word' id='word_1_13' title='bbox 355 977 449 1018; x_wconf 84' lang='lat' dir='ltr'><strong>Idus</strong></span> <span class='ocrx_word' id='word_1_14' title='bbox 488 977 646 1029; x_wconf 78' lang='lat' dir='ltr'>Apriles</span> <span class='ocrx_word' id='word_1_15' title='bbox 680 977 774 1017; x_wconf 92' lang='lat' dir='ltr'><strong>anni</strong></span> <span class='ocrx_word' id='word_1_16' title='bbox 805 976 845 1017; x_wconf 89' lang='lat' dir='ltr'><strong>h.</strong></span> <span class='ocrx_word' id='word_1_17' title='bbox 878 990 908 1016; x_wconf 91' lang='lat' dir='ltr'><strong>s.</strong></span> <span class='ocrx_word' id='word_1_18' title='bbox 936 976 1095 1017; x_wconf 83' lang='lat' dir='ltr'>LXXV.</span> <span class='ocrx_word' id='word_1_19' title='bbox 1130 980 1243 1029; x_wconf 87' lang='lat' dir='ltr'><strong>patre</strong></span> <span class='ocrx_word' id='word_1_20' title='bbox 1277 977 1506 1017; x_wconf 76' lang='lat' dir='ltr'><strong>Hermanno</strong></span> <span class='ocrx_word' id='word_1_21' title='bbox 1545 981 1672 1017; x_wconf 87' lang='lat' dir='ltr'><strong>matre</strong></span> 
     </span>
     <span class='ocr_line' id='line_1_6' title="bbox 250 1039 1667 1094; baseline -0.001 -12"><span class='ocrx_word' id='word_1_22' title='bbox 250 1041 378 1082; x_wconf 84' lang='lat' dir='ltr'><strong>Maria</strong></span> <span class='ocrx_word' id='word_1_23' title='bbox 414 1055 436 1082; x_wconf 90' lang='lat' dir='ltr'><strong>e</strong></span> <span class='ocrx_word' id='word_1_24' title='bbox 474 1043 594 1094; x_wconf 84' lang='lat' dir='ltr'><strong>gente</strong></span> <span class='ocrx_word' id='word_1_25' title='bbox 634 1039 839 1093; x_wconf 85' lang='lat' dir='ltr'><strong>Schilling.</strong></span> <span class='ocrx_word' id='word_1_26' title='bbox 905 1040 1018 1080; x_wconf 85' lang='lat' dir='ltr'><strong>Fidei</strong></span> <span class='ocrx_word' id='word_1_27' title='bbox 1056 1041 1236 1081; x_wconf 86' lang='lat' dir='ltr'><strong>addictus</strong></span> <span class='ocrx_word' id='word_1_28' title='bbox 1284 1055 1373 1081; x_wconf 87' lang='lat' dir='ltr'><strong>snm</strong></span> <span class='ocrx_word' id='word_1_29' title='bbox 1419 1042 1667 1094; x_wconf 81' lang='lat' dir='ltr'><strong>evangelicae</strong></span> 
     </span>
     <span class='ocr_line' id='line_1_7' title="bbox 253 1105 1672 1159; baseline -0.001 -13"><span class='ocrx_word' id='word_1_30' title='bbox 253 1105 398 1147; x_wconf 81' lang='lat' dir='ltr'><strong>Primis</strong></span> <span class='ocrx_word' id='word_1_31' title='bbox 426 1105 652 1146; x_wconf 86' lang='lat' dir='ltr'><strong>litterarum</strong></span> <span class='ocrx_word' id='word_1_32' title='bbox 680 1105 885 1145; x_wconf 90' lang='lat' dir='ltr'><strong>elementis</strong></span> <span class='ocrx_word' id='word_1_33' title='bbox 914 1107 995 1144; x_wconf 89' lang='lat' dir='ltr'><strong>tres</strong></span> <span class='ocrx_word' id='word_1_34' title='bbox 1022 1118 1094 1159; x_wconf 86' lang='lat' dir='ltr'><strong>per</strong></span> <span class='ocrx_word' id='word_1_35' title='bbox 1121 1118 1245 1144; x_wconf 91' lang='lat' dir='ltr'><strong>annos</strong></span> <span class='ocrx_word' id='word_1_36' title='bbox 1273 1105 1316 1144; x_wconf 86' lang='lat' dir='ltr'><strong>in</strong></span> <span class='ocrx_word' id='word_1_37' title='bbox 1348 1105 1451 1145; x_wconf 90' lang='lat' dir='ltr'><strong>ludis</strong></span> <span class='ocrx_word' id='word_1_38' title='bbox 1478 1105 1672 1145; x_wconf 90' lang='lat' dir='ltr'><strong>Bernbnr-</strong></span> 
     </span>
     <span class='ocr_line' id='line_1_8' title="bbox 251 1168 1673 1223; baseline -0.001 -13"><span class='ocrx_word' id='word_1_39' title='bbox 251 1170 380 1223; x_wconf 85' lang='lat' dir='ltr'><strong>giensi</strong></span> <span class='ocrx_word' id='word_1_40' title='bbox 408 1172 448 1210; x_wconf 90' lang='lat' dir='ltr'><strong>et</strong></span> <span class='ocrx_word' id='word_1_41' title='bbox 473 1169 726 1210; x_wconf 85' lang='lat' dir='ltr'><strong>Dessaviensi</strong></span> <span class='ocrx_word' id='word_1_42' title='bbox 752 1169 930 1209; x_wconf 91' lang='lat' dir='ltr'><strong>imbutus</strong></span> <span class='ocrx_word' id='word_1_43' title='bbox 957 1169 1001 1208; x_wconf 91' lang='lat' dir='ltr'><strong>in</strong></span> <span class='ocrx_word' id='word_1_44' title='bbox 1027 1169 1279 1221; x_wconf 84' lang='lat' dir='ltr'><strong>gymnasium</strong></span> <span class='ocrx_word' id='word_1_45' title='bbox 1301 1168 1531 1210; x_wconf 87' lang='lat' dir='ltr'><strong>Carolinum</strong></span> <span class='ocrx_word' id='word_1_46' title='bbox 1551 1169 1673 1209; x_wconf 90' lang='lat' dir='ltr'><strong>Bern-</strong></span> 
     </span>
     <span class='ocr_line' id='line_1_9' title="bbox 252 1234 1673 1288; baseline -0.001 -13"><span class='ocrx_word' id='word_1_47' title='bbox 252 1234 463 1288; x_wconf 83' lang='lat' dir='ltr'><strong>burgiense</strong></span> <span class='ocrx_word' id='word_1_48' title='bbox 490 1237 670 1286; x_wconf 85' lang='lat' dir='ltr'><strong>receptus</strong></span> <span class='ocrx_word' id='word_1_49' title='bbox 699 1248 787 1273; x_wconf 88' lang='lat' dir='ltr'><strong>sum</strong></span> <span class='ocrx_word' id='word_1_50' title='bbox 822 1236 935 1285; x_wconf 79' lang='lat' dir='ltr'><strong>patre</strong></span> <span class='ocrx_word' id='word_1_51' title='bbox 963 1234 1168 1274; x_wconf 85' lang='lat' dir='ltr'><strong>carissimo</strong></span> <span class='ocrx_word' id='word_1_52' title='bbox 1206 1234 1399 1273; x_wconf 89' lang='lat' dir='ltr'><strong>directore</strong></span> <span class='ocrx_word' id='word_1_53' title='bbox 1433 1234 1595 1286; x_wconf 89' lang='lat' dir='ltr'><strong>florens,</strong></span> <span class='ocrx_word' id='word_1_54' title='bbox 1630 1235 1673 1273; x_wconf 89' lang='lat' dir='ltr'><strong>in</strong></span> 
     </span>
     <span class='ocr_line' id='line_1_10' title="bbox 251 1297 1672 1352; baseline -0.001 -12"><span class='ocrx_word' id='word_1_55' title='bbox 251 1313 331 1351; x_wconf 88' lang='lat' dir='ltr'><strong>quo</strong></span> <span class='ocrx_word' id='word_1_56' title='bbox 359 1297 548 1352; x_wconf 86' lang='lat' dir='ltr'><strong>quattuor</strong></span> <span class='ocrx_word' id='word_1_57' title='bbox 585 1313 708 1339; x_wconf 90' lang='lat' dir='ltr'><strong>annos</strong></span> <span class='ocrx_word' id='word_1_58' title='bbox 741 1299 887 1351; x_wconf 75' lang='lat' dir='ltr'><strong>peregi.</strong></span> <span class='ocrx_word' id='word_1_59' title='bbox 942 1298 1159 1350; x_wconf 90' lang='lat' dir='ltr'><strong>Postquam</strong></span> <span class='ocrx_word' id='word_1_60' title='bbox 1193 1299 1292 1338; x_wconf 85' lang='lat' dir='ltr'><strong>mihi</strong></span> <span class='ocrx_word' id='word_1_61' title='bbox 1325 1312 1447 1350; x_wconf 90' lang='lat' dir='ltr'><strong>puero</strong></span> <span class='ocrx_word' id='word_1_62' title='bbox 1483 1298 1672 1338; x_wconf 79' lang='lat' dir='ltr'>tredecim</span> 
     </span>
     <span class='ocr_line' id='line_1_11' title="bbox 251 1363 1673 1416; baseline -0.001 -12"><span class='ocrx_word' id='word_1_63' title='bbox 251 1377 446 1404; x_wconf 85' lang='lat' dir='ltr'><strong>annorum</strong></span> <span class='ocrx_word' id='word_1_64' title='bbox 471 1367 586 1416; x_wconf 78' lang='lat' dir='ltr'><strong>pater</strong></span> <span class='ocrx_word' id='word_1_65' title='bbox 622 1363 797 1416; x_wconf 88' lang='lat' dir='ltr'><strong>optimus</strong></span> <span class='ocrx_word' id='word_1_66' title='bbox 829 1365 1082 1415; x_wconf 82' lang='lat' dir='ltr'><strong>praematura</strong></span> <span class='ocrx_word' id='word_1_67' title='bbox 1114 1366 1243 1403; x_wconf 88' lang='lat' dir='ltr'><strong>morte</strong></span> <span class='ocrx_word' id='word_1_68' title='bbox 1279 1365 1436 1414; x_wconf 90' lang='lat' dir='ltr'><strong>ereptus</strong></span> <span class='ocrx_word' id='word_1_69' title='bbox 1473 1366 1550 1414; x_wconf 89' lang='lat' dir='ltr'><strong>est,</strong></span> <span class='ocrx_word' id='word_1_70' title='bbox 1582 1377 1673 1404; x_wconf 90' lang='lat' dir='ltr'><strong>cum</strong></span> 
     </span>
     <span class='ocr_line' id='line_1_12' title="bbox 251 1426 1671 1481; baseline -0.001 -12"><span class='ocrx_word' id='word_1_71' title='bbox 251 1431 377 1469; x_wconf 84' lang='lat' dir='ltr'><strong>matre</strong></span> <span class='ocrx_word' id='word_1_72' title='bbox 406 1428 637 1470; x_wconf 79' lang='lat' dir='ltr'><strong>Dessaviam</strong></span> <span class='ocrx_word' id='word_1_73' title='bbox 674 1427 860 1481; x_wconf 79' lang='lat' dir='ltr'><strong>migravi,</strong></span> <span class='ocrx_word' id='word_1_74' title='bbox 893 1428 963 1467; x_wconf 92' lang='lat' dir='ltr'><strong>ubi</strong></span> <span class='ocrx_word' id='word_1_75' title='bbox 994 1428 1037 1467; x_wconf 88' lang='lat' dir='ltr'><strong>in</strong></span> <span class='ocrx_word' id='word_1_76' title='bbox 1072 1428 1324 1480; x_wconf 82' lang='lat' dir='ltr'><strong>gymnasium</strong></span> <span class='ocrx_word' id='word_1_77' title='bbox 1359 1426 1671 1468; x_wconf 85' lang='lat' dir='ltr'><strong>Fridericiannm</strong></span> 
     </span>
     <span class='ocr_line' id='line_1_13' title="bbox 250 1491 1673 1545; baseline -0.002 -11"><span class='ocrx_word' id='word_1_78' title='bbox 250 1496 433 1545; x_wconf 82' lang='lat' dir='ltr'><strong>receptus</strong></span> <span class='ocrx_word' id='word_1_79' title='bbox 462 1507 549 1533; x_wconf 87' lang='lat' dir='ltr'><strong>sum</strong></span> <span class='ocrx_word' id='word_1_80' title='bbox 578 1493 683 1544; x_wconf 87' lang='lat' dir='ltr'><strong>quod</strong></span> <span class='ocrx_word' id='word_1_81' title='bbox 717 1492 834 1532; x_wconf 86' lang='lat' dir='ltr'><strong>floret</strong></span> <span class='ocrx_word' id='word_1_82' title='bbox 862 1491 1039 1539; x_wconf 81' lang='lat' dir='ltr'><strong>Gustavo</strong></span> <span class='ocrx_word' id='word_1_83' title='bbox 1067 1492 1278 1544; x_wconf 88' lang='lat' dir='ltr'><strong>Kruegero</strong></span> <span class='ocrx_word' id='word_1_84' title='bbox 1306 1492 1509 1532; x_wconf 77' lang='lat' dir='ltr'><strong>directore.</strong></span> <span class='ocrx_word' id='word_1_85' title='bbox 1565 1491 1673 1532; x_wconf 87' lang='lat' dir='ltr'><strong>Sem-</strong></span> 
     </span>
     <span class='ocr_line' id='line_1_14' title="bbox 250 1556 1672 1610; baseline -0.001 -13"><span class='ocrx_word' id='word_1_86' title='bbox 250 1570 323 1610; x_wconf 85' lang='lat' dir='ltr'><strong>per</strong></span> <span class='ocrx_word' id='word_1_87' title='bbox 348 1557 459 1610; x_wconf 88' lang='lat' dir='ltr'><strong>pium</strong></span> <span class='ocrx_word' id='word_1_88' title='bbox 485 1557 528 1597; x_wconf 91' lang='lat' dir='ltr'><strong>in</strong></span> <span class='ocrx_word' id='word_1_89' title='bbox 554 1559 829 1609; x_wconf 86' lang='lat' dir='ltr'><strong>praeceptores</strong></span> <span class='ocrx_word' id='word_1_90' title='bbox 858 1556 1023 1596; x_wconf 75' lang='lat' dir='ltr'>servabo</span> <span class='ocrx_word' id='word_1_91' title='bbox 1051 1556 1240 1607; x_wconf 78' lang='lat' dir='ltr'><strong>animum,</strong></span> <span class='ocrx_word' id='word_1_92' title='bbox 1267 1556 1450 1608; x_wconf 79' lang='lat' dir='ltr'><strong>inprimis</strong></span> <span class='ocrx_word' id='word_1_93' title='bbox 1470 1570 1672 1608; x_wconf 89' lang='lat' dir='ltr'><strong>nunquam</strong></span> 
     </span>
     <span class='ocr_line' id='line_1_15' title="bbox 252 1621 1668 1674; baseline -0.001 -12"><span class='ocrx_word' id='word_1_94' title='bbox 252 1621 478 1674; x_wconf 79' lang='lat' dir='ltr'><strong>obliviscar,</strong></span> <span class='ocrx_word' id='word_1_95' title='bbox 516 1624 668 1674; x_wconf 85' lang='lat' dir='ltr'><strong>quanta</strong></span> <span class='ocrx_word' id='word_1_96' title='bbox 700 1621 973 1662; x_wconf 75' lang='lat' dir='ltr'><strong>benevolentia</strong></span> <span class='ocrx_word' id='word_1_97' title='bbox 1008 1634 1174 1674; x_wconf 90' lang='lat' dir='ltr'><strong>puerum</strong></span> <span class='ocrx_word' id='word_1_98' title='bbox 1214 1622 1356 1661; x_wconf 90' lang='lat' dir='ltr'><strong>orbum</strong></span> <span class='ocrx_word' id='word_1_99' title='bbox 1393 1624 1668 1674; x_wconf 76' lang='lat' dir='ltr'><strong>praeceptores</strong></span> 
     </span>
     <span class='ocr_line' id='line_1_16' title="bbox 250 1685 1670 1727; baseline -0.001 0"><span class='ocrx_word' id='word_1_100' title='bbox 250 1685 317 1727; x_wconf 82' lang='lat' dir='ltr'><strong>Fr.</strong></span> <span class='ocrx_word' id='word_1_101' title='bbox 343 1685 476 1727; x_wconf 90' lang='lat' dir='ltr'><strong>Ballin</strong></span> <span class='ocrx_word' id='word_1_102' title='bbox 513 1689 554 1727; x_wconf 90' lang='lat' dir='ltr'><strong>et</strong></span> <span class='ocrx_word' id='word_1_103' title='bbox 589 1686 635 1727; x_wconf 88' lang='lat' dir='ltr'><strong>F.</strong></span> <span class='ocrx_word' id='word_1_104' title='bbox 669 1685 876 1727; x_wconf 88' lang='lat' dir='ltr'><strong>Seelmann</strong></span> <span class='ocrx_word' id='word_1_105' title='bbox 917 1686 1151 1727; x_wconf 80' lang='lat' dir='ltr'><strong>adiuverint.</strong></span> <span class='ocrx_word' id='word_1_106' title='bbox 1206 1686 1454 1726; x_wconf 86' lang='lat' dir='ltr'><strong>Maturitatis</strong></span> <span class='ocrx_word' id='word_1_107' title='bbox 1493 1687 1670 1726; x_wconf 90' lang='lat' dir='ltr'><strong>testimo-</strong></span> 
     </span>
    </p>
   </div>
   <div class='ocr_carea' id='block_1_5' title="bbox 178 1750 1673 1803">
    <p class='ocr_par' dir='ltr' id='par_1_5' title="bbox 178 1750 1673 1803">
     <span class='ocr_line' id='line_1_17' title="bbox 178 1750 1673 1803; baseline -0.001 -12"><span class='ocrx_word' id='word_1_108' title='bbox 178 1790 180 1792; x_wconf 64' lang='lat'><strong>,</strong></span> <span class='ocrx_word' id='word_1_109' title='bbox 249 1750 362 1791; x_wconf 83' lang='lat' dir='ltr'><strong>nium</strong></span> <span class='ocrx_word' id='word_1_110' title='bbox 404 1751 569 1803; x_wconf 83' lang='lat' dir='ltr'><strong>adeptus</strong></span> <span class='ocrx_word' id='word_1_111' title='bbox 614 1764 704 1791; x_wconf 79' lang='lat' dir='ltr'><strong>vere</strong></span> <span class='ocrx_word' id='word_1_112' title='bbox 754 1751 848 1791; x_wconf 86' lang='lat' dir='ltr'><strong>anni</strong></span> <span class='ocrx_word' id='word_1_113' title='bbox 889 1751 994 1791; x_wconf 88' lang='grc'>1894</span> <span class='ocrx_word' id='word_1_114' title='bbox 1035 1750 1217 1791; x_wconf 88' lang='lat' dir='ltr'><strong>Bonnam</strong></span> <span class='ocrx_word' id='word_1_115' title='bbox 1256 1764 1318 1790; x_wconf 90' lang='lat' dir='ltr'><strong>me</strong></span> <span class='ocrx_word' id='word_1_116' title='bbox 1363 1752 1524 1790; x_wconf 91' lang='lat' dir='ltr'><strong>contuli.</strong></span> <span class='ocrx_word' id='word_1_117' title='bbox 1595 1752 1673 1790; x_wconf 91' lang='lat' dir='ltr'><strong>Do-</strong></span> 
     </span>
    </p>
   </div>
   <div class='ocr_carea' id='block_1_6' title="bbox 246 1815 1673 2579">
    <p class='ocr_par' dir='ltr' id='par_1_6' title="bbox 247 1815 1673 2190">
     <span class='ocr_line' id='line_1_18' title="bbox 252 1815 1672 1867; baseline -0.001 -12"><span class='ocrx_word' id='word_1_118' title='bbox 252 1817 420 1855; x_wconf 86' lang='lat' dir='ltr'><strong>cuerunt</strong></span> <span class='ocrx_word' id='word_1_119' title='bbox 440 1828 503 1855; x_wconf 90' lang='lat' dir='ltr'><strong>me</strong></span> <span class='ocrx_word' id='word_1_120' title='bbox 526 1815 601 1855; x_wconf 81' lang='lat' dir='ltr'><strong>viri</strong></span> <span class='ocrx_word' id='word_1_121' title='bbox 620 1815 899 1855; x_wconf 86' lang='lat' dir='ltr'><strong>humanissimi</strong></span> <span class='ocrx_word' id='word_1_122' title='bbox 918 1815 1176 1867; x_wconf 85' lang='lat' dir='ltr'><strong>Brinkmann,</strong></span> <span class='ocrx_word' id='word_1_123' title='bbox 1197 1815 1424 1866; x_wconf 81' lang='lat' dir='ltr'><strong>Buecheler,</strong></span> <span class='ocrx_word' id='word_1_124' title='bbox 1451 1815 1672 1866; x_wconf 67' lang='lat' dir='ltr'><strong>Lstzmann,</strong></span> 
     </span>
     <span class='ocr_line' id='line_1_19' title="bbox 252 1877 1673 1932; baseline 0.001 -14"><span class='ocrx_word' id='word_1_125' title='bbox 252 1878 473 1932; x_wconf 79' lang='lat' dir='ltr'><strong>Loeschke,</strong></span> <span class='ocrx_word' id='word_1_126' title='bbox 500 1877 697 1932; x_wconf 86' lang='lat' dir='ltr'><strong>Solmsen,</strong></span> <span class='ocrx_word' id='word_1_127' title='bbox 730 1878 899 1931; x_wconf 80' lang='lat' dir='ltr'><strong>Usener,</strong></span> <span class='ocrx_word' id='word_1_128' title='bbox 931 1878 1168 1919; x_wconf 85' lang='lat' dir='ltr'><strong>Wilmanns.</strong></span> <span class='ocrx_word' id='word_1_129' title='bbox 1223 1879 1585 1920; x_wconf 83' lang='lat' dir='ltr'><strong>Exercitationibus</strong></span> <span class='ocrx_word' id='word_1_130' title='bbox 1614 1893 1673 1919; x_wconf 90' lang='lat' dir='ltr'><strong>ar-</strong></span> 
     </span>
     <span class='ocr_line' id='line_1_20' title="bbox 250 1942 1669 1996; baseline 0 -13"><span class='ocrx_word' id='word_1_131' title='bbox 250 1942 513 1996; x_wconf 79' lang='lat' dir='ltr'><strong>chaeologicis</strong></span> <span class='ocrx_word' id='word_1_132' title='bbox 541 1946 588 1983; x_wconf 91' lang='lat' dir='ltr'><strong>ut</strong></span> <span class='ocrx_word' id='word_1_133' title='bbox 609 1944 840 1983; x_wconf 77' lang='lat' dir='ltr'><strong>interessem</strong></span> <span class='ocrx_word' id='word_1_134' title='bbox 857 1943 1061 1984; x_wconf 89' lang='lat' dir='ltr'><strong>Loeschke</strong></span> <span class='ocrx_word' id='word_1_135' title='bbox 1083 1943 1254 1996; x_wconf 84' lang='lat' dir='ltr'><strong>benigne</strong></span> <span class='ocrx_word' id='word_1_136' title='bbox 1276 1945 1466 1995; x_wconf 74' lang='lat' dir='ltr'><strong>permisit.</strong></span> <span class='ocrx_word' id='word_1_137' title='bbox 1494 1944 1571 1984; x_wconf 92' lang='lat' dir='ltr'><strong>Per</strong></span> <span class='ocrx_word' id='word_1_138' title='bbox 1592 1945 1669 1983; x_wconf 87' lang='lat' dir='ltr'><strong>duo</strong></span> 
     </span>
     <span class='ocr_line' id='line_1_21' title="bbox 254 2008 1671 2065; baseline 0 -18"><span class='ocrx_word' id='word_1_139' title='bbox 254 2008 460 2049; x_wconf 79' lang='lat' dir='ltr'><strong>semestris.</strong></span> <span class='ocrx_word' id='word_1_140' title='bbox 496 2008 782 2060; x_wconf 87' lang='lat' dir='ltr'><strong>proseminario</strong></span> <span class='ocrx_word' id='word_1_141' title='bbox 820 2008 1025 2061; x_wconf 84' lang='lat' dir='ltr'><strong>philologo</strong></span> <span class='ocrx_word' id='word_1_142' title='bbox 1064 2008 1266 2065; x_wconf 68' lang='lat' dir='ltr'><strong>Bonnensj</strong></span> <span class='ocrx_word' id='word_1_143' title='bbox 1304 2009 1524 2060; x_wconf 87' lang='lat' dir='ltr'><strong>adscriptus</strong></span> <span class='ocrx_word' id='word_1_144' title='bbox 1564 2022 1671 2048; x_wconf 86' lang='lat' dir='ltr'><strong>eram</strong></span> 
     </span>
     <span class='ocr_line' id='line_1_22' title="bbox 247 2071 1671 2120; baseline -0.001 -7"><span class='ocrx_word' id='word_1_145' title='bbox 247 2071 489 2113; x_wconf 86' lang='lat' dir='ltr'><strong>Buechelero</strong></span> <span class='ocrx_word' id='word_1_146' title='bbox 512 2075 555 2113; x_wconf 91' lang='lat' dir='ltr'><strong>et</strong></span> <span class='ocrx_word' id='word_1_147' title='bbox 576 2072 753 2113; x_wconf 88' lang='lat' dir='ltr'><strong>Usenero</strong></span> <span class='ocrx_word' id='word_1_148' title='bbox 781 2073 1087 2113; x_wconf 86' lang='lat' dir='ltr'><strong>moderantibus.</strong></span> <span class='ocrx_word' id='word_1_149' title='bbox 1128 2073 1205 2120; x_wconf 85' lang='lat' dir='ltr'><strong>Qui</strong></span> <span class='ocrx_word' id='word_1_150' title='bbox 1232 2074 1308 2113; x_wconf 84' lang='lat' dir='ltr'><strong>viri</strong></span> <span class='ocrx_word' id='word_1_151' title='bbox 1335 2074 1555 2114; x_wconf 82' lang='lat' dir='ltr'><strong>doctissimi</strong></span> <span class='ocrx_word' id='word_1_152' title='bbox 1582 2076 1671 2112; x_wconf 91' lang='lat' dir='ltr'><strong>stu-</strong></span> 
     </span>
     <span class='ocr_line' id='line_1_23' title="bbox 253 2136 1492 2190; baseline 0 -13"><span class='ocrx_word' id='word_1_153' title='bbox 253 2136 330 2177; x_wconf 85' lang='lat' dir='ltr'><strong>diis</strong></span> <span class='ocrx_word' id='word_1_154' title='bbox 356 2137 500 2177; x_wconf 85' lang='lat' dir='ltr'><strong>tironis</strong></span> <span class='ocrx_word' id='word_1_155' title='bbox 527 2151 683 2189; x_wconf 89' lang='lat' dir='ltr'><strong>semper</strong></span> <span class='ocrx_word' id='word_1_156' title='bbox 708 2138 881 2178; x_wconf 86' lang='lat' dir='ltr'><strong>maxima</strong></span> <span class='ocrx_word' id='word_1_157' title='bbox 908 2151 998 2177; x_wconf 89' lang='lat' dir='ltr'><strong>cum</strong></span> <span class='ocrx_word' id='word_1_158' title='bbox 1026 2138 1273 2190; x_wconf 78' lang='lat' dir='ltr'><strong>benignitate</strong></span> <span class='ocrx_word' id='word_1_159' title='bbox 1300 2138 1492 2178; x_wconf 82' lang='lat' dir='ltr'><strong>faverunt.</strong></span> 
     </span>
    </p>

    <p class='ocr_par' dir='ltr' id='par_1_7' title="bbox 247 2201 1672 2321">
     <span class='ocr_line' id='line_1_24' title="bbox 352 2201 1672 2255; baseline 0.001 -13"><span class='ocrx_word' id='word_1_160' title='bbox 352 2201 519 2243; x_wconf 90' lang='lat' dir='ltr'><strong>Duobus</strong></span> <span class='ocrx_word' id='word_1_161' title='bbox 559 2202 815 2242; x_wconf 91' lang='lat' dir='ltr'><strong>semestribus</strong></span> <span class='ocrx_word' id='word_1_162' title='bbox 854 2202 1015 2242; x_wconf 89' lang='lat' dir='ltr'><strong>Bonnae</strong></span> <span class='ocrx_word' id='word_1_163' title='bbox 1055 2203 1225 2254; x_wconf 87' lang='lat' dir='ltr'><strong>peractis</strong></span> <span class='ocrx_word' id='word_1_164' title='bbox 1265 2202 1443 2255; x_wconf 88' lang='lat' dir='ltr'><strong>Lipsiam</strong></span> <span class='ocrx_word' id='word_1_165' title='bbox 1481 2203 1672 2243; x_wconf 89' lang='lat' dir='ltr'><strong>transmi-</strong></span> 
     </span>
     <span class='ocr_line' id='line_1_25' title="bbox 247 2266 814 2321; baseline 0 -14"><span class='ocrx_word' id='word_1_166' title='bbox 247 2266 362 2321; x_wconf 79' lang='lat' dir='ltr'><strong>gravi</strong></span> <span class='ocrx_word' id='word_1_167' title='bbox 387 2267 521 2308; x_wconf 83' lang='lat' dir='ltr'><strong>studia</strong></span> <span class='ocrx_word' id='word_1_168' title='bbox 548 2268 814 2308; x_wconf 86' lang='lat' dir='ltr'><strong>absoluturus.</strong></span> 
     </span>
    </p>

    <p class='ocr_par' dir='ltr' id='par_1_8' title="bbox 246 2330 1671 2579">
     <span class='ocr_line' id='line_1_26' title="bbox 360 2330 1671 2384; baseline -0.001 -11"><span class='ocrx_word' id='word_1_169' title='bbox 360 2330 515 2373; x_wconf 74' lang='lat' dir='ltr'><strong>Scholia</strong></span> <span class='ocrx_word' id='word_1_170' title='bbox 542 2332 706 2373; x_wconf 84' lang='lat' dir='ltr'><strong>interfui</strong></span> <span class='ocrx_word' id='word_1_171' title='bbox 731 2333 908 2373; x_wconf 80' lang='lat' dir='ltr'><strong>virorum</strong></span> <span class='ocrx_word' id='word_1_172' title='bbox 934 2333 1295 2373; x_wconf 87' lang='lat' dir='ltr'><strong>illustrissimorum</strong></span> <span class='ocrx_word' id='word_1_173' title='bbox 1322 2333 1370 2372; x_wconf 87' lang='lat' dir='ltr'><strong>de</strong></span> <span class='ocrx_word' id='word_1_174' title='bbox 1392 2331 1561 2384; x_wconf 82' lang='lat' dir='ltr'><strong>Bahder,</strong></span> <span class='ocrx_word' id='word_1_175' title='bbox 1583 2333 1671 2373; x_wconf 91' lang='lat' dir='ltr'><strong>Bie-</strong></span> 
     </span>
     <span class='ocr_line' id='line_1_27' title="bbox 249 2397 1671 2450; baseline 0 -13"><span class='ocrx_word' id='word_1_176' title='bbox 249 2397 448 2450; x_wconf 78' lang='lat' dir='ltr'><strong>dermann,</strong></span> <span class='ocrx_word' id='word_1_177' title='bbox 479 2397 647 2450; x_wconf 84' lang='lat' dir='ltr'><strong>Heinze,</strong></span> <span class='ocrx_word' id='word_1_178' title='bbox 684 2397 804 2450; x_wconf 82' lang='lat' dir='ltr'><strong>Holz,</strong></span> <span class='ocrx_word' id='word_1_179' title='bbox 841 2397 1017 2450; x_wconf 84' lang='lat' dir='ltr'><strong>Lipsius,</strong></span> <span class='ocrx_word' id='word_1_180' title='bbox 1055 2397 1251 2448; x_wconf 86' lang='lat' dir='ltr'><strong>Ribbeck,</strong></span> <span class='ocrx_word' id='word_1_181' title='bbox 1284 2397 1466 2450; x_wconf 85' lang='lat' dir='ltr'><strong>Richter,</strong></span> <span class='ocrx_word' id='word_1_182' title='bbox 1503 2398 1671 2450; x_wconf 81' lang='lat' dir='ltr'><strong>Sievers,</strong></span> 
     </span>
     <span class='ocr_line' id='line_1_28' title="bbox 251 2460 1669 2514; baseline -0.001 -12"><span class='ocrx_word' id='word_1_183' title='bbox 251 2460 531 2514; x_wconf 67' lang='lat' dir='ltr'><strong>Wmhsmuth,</strong></span> <span class='ocrx_word' id='word_1_184' title='bbox 557 2461 722 2502; x_wconf 88' lang='lat' dir='ltr'><strong>Wundt.</strong></span> <span class='ocrx_word' id='word_1_185' title='bbox 775 2461 951 2514; x_wconf 86' lang='lat' dir='ltr'><strong>Lipsius,</strong></span> <span class='ocrx_word' id='word_1_186' title='bbox 978 2462 1175 2513; x_wconf 87' lang='lat' dir='ltr'><strong>Ribbeck,</strong></span> <span class='ocrx_word' id='word_1_187' title='bbox 1203 2462 1471 2503; x_wconf 87' lang='lat' dir='ltr'><strong>Wachsmuth</strong></span> <span class='ocrx_word' id='word_1_188' title='bbox 1498 2463 1669 2514; x_wconf 83' lang='lat' dir='ltr'><strong>benigne</strong></span> 
     </span>
     <span class='ocr_line' id='line_1_29' title="bbox 246 2526 1670 2579; baseline 0 -13"><span class='ocrx_word' id='word_1_189' title='bbox 246 2538 310 2566; x_wconf 89' lang='lat' dir='ltr'><strong>me</strong></span> <span class='ocrx_word' id='word_1_190' title='bbox 341 2528 572 2579; x_wconf 87' lang='lat' dir='ltr'><strong>receperunt</strong></span> <span class='ocrx_word' id='word_1_191' title='bbox 599 2527 642 2566; x_wconf 90' lang='lat' dir='ltr'><strong>in</strong></span> <span class='ocrx_word' id='word_1_192' title='bbox 669 2526 922 2567; x_wconf 89' lang='lat' dir='ltr'><strong>seminarium</strong></span> <span class='ocrx_word' id='word_1_193' title='bbox 949 2526 1216 2579; x_wconf 86' lang='lat' dir='ltr'><strong>philologum,</strong></span> <span class='ocrx_word' id='word_1_194' title='bbox 1250 2526 1361 2567; x_wconf 90' lang='lat' dir='ltr'><strong>cuius</strong></span> <span class='ocrx_word' id='word_1_195' title='bbox 1391 2527 1533 2567; x_wconf 86' lang='lat' dir='ltr'><strong>sodalis</strong></span> <span class='ocrx_word' id='word_1_196' title='bbox 1562 2527 1670 2566; x_wconf 89' lang='lat' dir='ltr'><strong>ordi-</strong></span> 
     </span>
    </p>
   </div>
   <div class='ocr_carea' id='block_1_7' title="bbox 0 2795 342 2916">
    <p class='ocr_par' dir='ltr' id='par_1_9' title="bbox 0 2795 342 2916">
     <span class='ocr_line' id='line_1_30' title="bbox 0 2795 342 2916; baseline 0 0"><span class='ocrx_word' id='word_1_197' title='bbox 0 2795 342 2916; x_wconf 95' lang='lat' dir='ltr'><strong> </strong></span> 
     </span>
    </p>
   </div>
  </div>
 </body>
</html>
