1911 2916
830 75 1097 117 -38-

246 185 324 235 μή,
357 183 404 222 de
434 195 602 234 quorum
630 196 712 224 usu>
734 183 816 224 iam
843 197 943 236 quae
970 183 1162 224 habemus
1190 183 1358 224 dicenda
1382 189 1484 226 sunt.
1529 185 1674 237 Dispu-

245 248 349 288 tavit
383 249 525 293 antem)
552 247 609 287 de·
629 248 838 288 sententiis
870 248 1057 289 finalibus
1091 247 1251 288 Graecis
1284 247 1493 301 Philippus
1521 243 1672 291 Weber

246 312 799 365 (Entwicklnngsgeschichte
832 312 902 352 der
937 312 1254 363 Absichtssatze,
1291 312 1334 352 in
1361 311 1585 365 ‘Beitragos
1603 328 1672 354 zur

243 375 515 417 historischen
542 374 694 429 Syntax
720 376 797 417 der¹
816 376 1090 430 griechischen
1113 375 1319 429 Sprache',
1344 376 1668 430 heransgegeben

243 454 324 480 von
350 440 406 481 M.
425 440 589 481 Schanz.
624 440 696 480 Bd.
712 440 771 493 11,
798 440 896 480 Heft
920 442 954 479 1.
985 440 1212 493 Wflrzburg
1240 441 1375 493 1884).
1428 440 1492 481 De
1517 444 1672 482 senten-

245 504 316 545 tiis
344 504 530 546 finalibus
553 504 773 545 Pindaricis
799 504 883 557 egit
904 504 948 544 in
969 504 1111 556 capitis
1134 505 1245 545 tertii
1265 505 1516 559 paragrapho
1539 505 1668 558 prima

247 569 333 623 (pp.
352 568 542 622 '12—74).

879 675 917 716 I.
955 674 1045 723 223.

352 763 593 802 Particulam
621 762 676 808 ὡς
702 763 861 801 finalem
888 775 968 801 non
996 762 1207 801 admodum
1235 762 1434 802 adamavit
1461 763 1667 803 Pindarus.

810 890 845 923 1.
885 898 967 923 cnm
992 891 1111 931 optat.

356 958 400 994 O.
418 954 454 994 X
473 956 525 994 26
553 954 638 994 ἐπεὶ
661 956 936 995 Ποσειδάνιον
962 954 1090 1007 πέφνε
1114 954 1295 996 Κτέατον
1316 955 1515 1007 ἀμύμονα,
1542 955 1670 1008 πέφνε
1734 988 1737 991 .

244 1019 282 1060 δ’
315 1020 523 1071 Εὔρυτον,
556 1020 611 1068 ὡς
639 1019 803 1072 Αὐγέαν
837 1020 1002 1072 λάτριον
1036 1019 1203 1061 ἀέκονθ’
1236 1019 1339 1061 ἑκὼν
1372 1022 1524 1072 μισθὸν
1550 1020 1671 1073 ὑπέρ-

243 1087 336 1135 βιον
380 1085 611 1136 πράσσοιτο.
669 1084 762 1124 Sine
808 1085 928 1124 dubio
973 1085 1170 1135 particula
1214 1085 1268 1132 ὡς
1311 1085 1472 1124 finalem>
1511 1099 1670 1125 sensum

241 1149 381 1188 habet:
408 1149 608 1189 interfecit
630 1148 822 1189 Hercules
848 1149 1100 1201 Molionidas‚
1130 1152 1182 1189 ut
1211 1150 1262 1189 ab
1286 1150 1426 1202 Augea
1452 1151 1672 1190 mercedem

246 1212 466 1266 exigeret.¹)
512 1217 551 1253 P.
569 1214 629 1253 IV
649 1216 671 1253 7
701 1214 757 1261 ὡς
784 1214 1018 1265 particulam
1041 1227 1123 1253 non
1144 1214 1304 1254 finalem
1327 1213 1393 1267 (ut
1415 1214 1579 1266 Weber)
1602 1216 1671 1255 sed

245 1278 526 1317 declarativam
554 1278 762 1330 intellego:
790 1278 927 1317 videas
955 1277 1059 1316 infra
1089 1277 1142 1328 (p.
1171 1277 1252 1329 58).

760 1405 797 1438 2.
827 1402 883 1446 ὡς
906 1403 958 1438 ἂν
980 1414 1012 1439 c.
1035 1406 1153 1447 optat.

355 1474 399 1511 Ο.
433 1471 511 1511 VII
546 1471 597 1511 39
637 1473 727 1511 τότε
765 1470 832 1511 καὶ
869 1473 1170 1523 φαυσίμβροτος
1209 1473 1365 1523 δαίμων
1399 1470 1671 1521 Ὑπεριονίδας

242 1536 391 1589 μέλλον
419 1538 594 1582 ἔντειλεν
622 1534 882 1587 φυλάξασθαι
917 1535 1033 1588 χρέος
1064 1535 1204 1577 παισὶν
1237 1538 1391 1588 φίλοις,
1425 1537 1480 1583 ὡς
1506 1536 1558 1576 ἂν
1589 1541 1670 1589 θεᾷ

242 1608 393 1653 πρῶτοι
425 1603 604 1640 κτίσαιεν
632 1602 770 1652 βωμὸν
804 1600 992 1652 ἐναργέα,
1032 1600 1097 1640 καὶ
1132 1602 1285 1652 σεμνὰν
1310 1602 1463 1640 θυσίαν
1501 1600 1669 1652 θέμενοι

241 1668 367 1717 πατρί
390 1680 433 1705 τε
460 1666 599 1717 θυμὸν
628 1665 784 1706 ἰάναιεν
812 1667 913 1718 κόρα
940 1663 975 1705 τ’
1006 1665 1263 1719 ἐγχειβρόμῳ.
1306 1665 1420 1712 Quod
1448 1666 1551 1717 apud
1579 1665 1670 1705 Pin-

242 1732 381 1770 darum
413 1744 535 1770 unum
577 1731 802 1782 exemplum
841 1732 903 1769 est
936 1730 1223 1781 particularum
1255 1731 1309 1777 ὡς
1341 1729 1393 1769 ἂν
1427 1743 1516 1769 cum
1544 1732 1669 1781 optat.

242 1795 551 1835 coniunctam.
592 1793 731 1845 Neque
754 1807 847 1833 vero
871 1794 996 1845 video,
1019 1808 1088 1833 cur
1111 1808 1201 1834 cum
1223 1794 1403 1846 Kaysero
1426 1793 1668 1834 Vaticanum

243 1859 499 1899 scholiastam
527 1862 662 1899 secuto
697 1859 752 1906 ὡς
779 1863 828 1912 τᾷ
854 1862 935 1912 θεᾷ
968 1858 1203 1911 scribamus,
1243 1872 1361 1911 quam
1397 1858 1665 1899 coniecturam

241 1923 321 1963 iam
343 1923 628 1963 Mommsenius
636 1921 668 1977 ²)
691 1924 776 1963 iure
799 1924 947 1975 repulit
968 1937 1094 1975 neque
1117 1923 1266 1964 Weber
1286 1923 1483 1976 probavit.
1526 1922 1664 1975 Neque

242 1991 443 2028 structura
485 1989 663 2040 postulat
701 1991 747 2028 ut
787 1989 1044 2039 corrigamus.
1110 1988 1214 2028 Nam
1252 1988 1402 2029 Graeca
1441 1990 1523 2028 est:
1564 1988 1668 2040 apud

241 2053 461 2093 Homerum
501 2067 616 2105 saepe
649 2053 855 2105 reperitur.
866 2052 898 2105 ⁸)
960 2052 1088 2092 Multa
1127 2053 1302 2093 invenies
1344 2053 1524 2104 exempla
1562 2053 1667 2104 apud

242 2117 498 2157 Kuehnerum
509 2117 548 2155 II
572 2120 596 2166 ἓ
610 2118 700 2167 553,
711 2117 748 2157 5.
777 2117 825 2156 cf.
836 2117 1108 2157 Hermannum
1130 2118 1176 2156 de
1194 2120 1295 2169 part.
1318 2117 1369 2156 ἂν
1391 2117 1452 2156 ΠΙ
1473 2117 1599 2168 4,151
1616 2131 1667 2156 ss.

351 2279 382 2318 1)
405 2277 444 2309 In
461 2276 602 2310 Christii
624 2276 776 2310 editione
797 2277 959 2309 mendum
981 2277 1268 2320 typographicum
1291 2277 1457 2320 corrigas:
1480 2287 1549 2310 non
1565 2277 1667 2310 Paus.

242 2330 276 2362 V
291 2334 343 2372 25,
368 2331 428 2362 sed
443 2331 543 2364 Paus.
557 2331 589 2363 V
607 2334 637 2372 1,
655 2334 675 2363 9
687 2341 731 2365 ss.
749 2331 786 2363 in
810 2330 1031 2363 adnotatione
1056 2331 1100 2363 ad
1123 2343 1153 2364 v.
1166 2335 1220 2364 26.
1259 2330 1443 2373 legendum
1465 2332 1527 2364 est.
1566 2329 1666 2362 Addo

243 2384 337 2418 locos
360 2383 461 2418 Paus.
477 2384 556 2418 vm
574 2387 625 2427 14,
643 2388 673 2419 9.
696 2384 729 2417 11
747 2387 798 2426 15,
818 2388 846 2417 1.

351 2440 384 2481 2)
408 2449 485 2487 ann.
503 2440 592 2473 critt.
611 2440 721 2482 suppl.
745 2451 778 2481 p.
798 2443 849 2473 76.

349 2495 383 2536 3)
406 2493 455 2526 cf.
473 2506 493 2526 ν
511 2498 573 2526 402
597 2496 632 2527 et
653 2503 741 2536 quae
765 2494 944 2527 adnotavit
965 2493 1136 2526 Ameisius
1163 2494 1390 2537 (‘Anhang’).
1430 2491 1543 2525 Adeas
1561 2492 1667 2526 etiam

244 2548 455 2591 Kruegerum
479 2547 533 2581 Di.
553 2551 604 2589 54,
622 2552 652 2590 8,
670 2553 701 2582 4.
741 2547 788 2581 cf.
806 2548 887 2582 Hdt.
906 2548 935 2581 V
956 2551 1006 2581 37.
1030 2548 1093 2580 VII
1113 2552 1184 2582 176.
1207 2548 1292 2582 Xen.
1311 2547 1387 2589 Cyr.
1405 2546 1420 2579 1
1438 2550 1467 2589 6,
1488 2551 1537 2580 13.
