1911 2916
832 66 1092 106 „43-

248 176 480 227 «Αλκμήνας.
535 178 575 214 Ρ.
598 174 656 216 IV
679 176 756 215 217
792 173 901 220 λιτάς
932 172 970 213 τ’
1002 173 1191 219 ἐπαοιδὰς
1220 172 1508 225 ἐκδιδάσκησεν
1536 173 1669 224 σοφὸν

252 239 498 292 Αίσυνῶαν,
531 241 642 292 ὄφρα
664 239 852 290 Μηδείας
882 237 1034 278 τοκέων
1066 236 1244 288 ἀφέλοιτ’
1277 239 1396 288 αἰδῶ,
1423 238 1598 278 ποθεινὰ
1626 235 1665 276 δ’

247 302 398 352 ‘maog
427 304 564 345 αὒτᾶντ
580 303 649 344 νόν»
677 300 816 355 φρασὶ·
842 301 1060 354 καιομέναν
1099 300 1242 342 δονέοι
1276 302 1436 353 μάστιγι
1475 306 1669 349 Πειθοῦς.

253 369 295 407 Ρ.
321 366 399 407 XII
426 370 474 408 19
556 398 566 407 .
592 356 799 419 mom
825 367 966 406 αὐλῶν
991 371 1107 418 τεῦχε
1133 366 1364 417 πάμφωνον·
1386 365 1522 417 μέλος,
1561 368 1670 418 ὄφρα

251 433 323 472 τὸν
350 432 564 484 Εὐρυάλας
600 430 645 471 ἐκ
670 433 925 483 καρπαλιμᾶν
956 431 1114 482 μυὼν
1143 428 1403 482 χριμφθέντα
1435 431 1512 469 σὺν
1539 431 1669 470 ἔντεσι

250 498 420 547 μιμήσαι
461 493 497 535 τ’
541 494 802 547 ἐρικλάγκταν
840 496 949 545 γόον.
1006 497 1059 533 Ν.
1080 493 1140 534 ΠΙ
1163 493 1226 533 59.
1264 493 1381 533 Hunc
1419 494 1550 533 locum
1588 494 1669 533 iam

251 574 371 612 supra
397 559 553 600 laudavi
582 558 635 613 (p.
659 557 743 611 39),
766 559 837 600 ubi
864 559 1102 612 exscriptum
1129 557 1316 598 invenies.

356 624 406 664 In
432 623 562 664 tribus
590 624 779 676 exemplis
807 624 937 676 primo
964 624 1051 664 loco
1080 624 1211 663 allatis
1240 625 1281 663 et
1308 623 1350 663 in
1379 622 1543 674 apodosi
1565 625 1605 662 et
1626 622 1670 661 in

247 689 403 741 protasi
444 688 647 729 aoristum·
674 686 882 741 habemhs3
920 689 963 728 in
999 689 1121 728 tertio
1163 687 1222 741 (P.
1243 686 1302 727 IV
1322 685 1421 740 217)
1460 686 1502 726 in
1537 686 1669 727 locum

248 752 390 792 aoristi
411 751 635 806 (ἀφέλοιτο)
657 766 843 804 praesens
872 753 1062 792 successit
1086 750 1268 804 (δονέοι).
1303 752 1350 791 In
1373 752 1516 791 ceteris
1539 764 1667 790 exem-

247 816 326 867 plis
358 816 401 855 in
433 816 597 868 apodosi
629 816 905 867 imperfectum
937 816 1124 868 legimus,
1157 829 1181 854 a
1209 828 1285 866 quo
1318 816 1462 866 pendet
1496 816 1605 867 ὄφρα
1633 828 1667 854 c.

248 883 328 932 opt.
356 894 436 921 aor.
465 881 728 921 coniunctum.

854 1041 930 1082 lv.
970 1042 1060 1093 Μή.

353 1128 431 1167 Hic
458 1130 614 1167 tantum
642 1128 688 1166 de
716 1128 991 1167 coniunctione
1013 1127 1123 1166 finali
1145 1127 1198 1177 μὴ
1222 1127 1430 1166 dicendum
1457 1130 1530 1177 est,
1559 1141 1663 1177 quae

245 1195 459 1245 usurpatur
487 1207 604 1233 sensu
635 1192 712 1232 ‘ne'
740 1192 800 1232 ‘ut
827 1191 903 1232 ne'.

940 1311 971 1349 1.

632 1395 660 1416 c.
700 1383 800 1416 coni.
826 1394 904 1416 aor.
927 1374 1021 1424 post
1042 1384 1123 1416 ind.
1145 1393 1280 1425 praes.

354 1463 393 1501 P.
422 1459 521 1501 VIH
542 1460 592 1501 29
621 1458 703 1512 εἰμὶ
730 1457 769 1500 δ’
797 1460 978 1513 ἄσχολος
994 1457 1197 1512 ἀναθέμεν
1224 1465 1358 1500 πᾶσαν
1385 1461 1665 1513 μακραγορίαν

246 1526 349 1578 λύρα
375 1539 417 1564 τε
445 1524 511 1564 καὶ
540 1524 744 1576 φθέγματι
772 1528 980 1577 μαλθακῷ,
1007 1526 1061 1575 μὴ
1089 1527 1209 1576 κόρος
1239 1525 1373 1564 ἐλθὼν
1400 1528 1528 1576 κνίσῃ.

939 1645 975 1683 2.

661 1727 688 1750 c.
729 1719 809 1759 opt.
834 1727 915 1750 aor.
938 1718 1033 1760 post
1054 1717 1145 1759 imp.
1171 1727 1250 1750 aor.

352 1782 487 1823 Unum
520 1785 650 1823 exstat
683 1784 916 1836 exemplum.
966 1786 1006 1823 P.
1028 1783 1088 1823 IV
1112 1783 1190 1824 154
1222 1784 1270 1823 τὰ
1302 1781 1378 1835 μὲν
1410 1784 1509 1823 ἄνευ
1543 1784 1667 1832 ξυνᾶς

247 1847 363 1895 ἀνίας
389 1851 517 1889 λῦσον
542 1849 670 1900 ἄμμιν
696 1851 750 1900 μή
778 1863 817 1888 τι
843 1849 1045 1899 νεώτερον
1076 1848 1116 1896 ἐξ
1145 1849 1280 1888 αὐτῶν
1307 1848 1501 1904 ἀνασταίη
1529 1850 1666 1888 κακόν.

250 1912 456 1952 Traditum
484 1915 545 1953 est
571 1913 615 1952 in
641 1912 755 1953 libris
783 1913 1061 1964 manuscriptis
1090 1912 1315 1965 ἀναστήσῃς
1337 1912 1540 1965 ἀναστήση
1570 1912 1667 1953 ἀνα-

243 1979 360 2029 σταίη
392 1975 435 2032 (a
462 1975 706 2031 scholiasta).
762 1975 920 2029 Optime
947 1977 1171 2017 Boeckhius
1206 1976 1324 2031 (nott.
1358 1977 1464 2018 critt.
1497 1992 1535 2030 p.
1562 1978 1663 2029 466)

162 2051 168 2058 ’
242 2042 432 2083 refutavit
470 2056 541 2092 eos
577 2043 645 2095 qui
684 2042 888 2095 ἀναστήσῃ
925 2043 1080 2096 legunt,
1123 2057 1249 2095 neque
1289 2046 1426 2083 tamen
1466 2043 1662 2083 assentior

244 2107 474 2147 doctissimo
514 2106 733 2147 Her-manni
779 2108 1046 2147 coniecturam
1088 2107 1265 2160 ἀναστήῃ
1305 2107 1528 2159 recipienti,
1570 2121 1662 2147 cum

240 2171 362 2212 *lectio
384 2170 577 2223 ἀνασταίη
606 2171 655 2211 ab
686 2170 883 2212 Ahrensio
909 2172 1078 2224 probata
1106 2172 1343 2212 scholiastae
1372 2172 1502 2212 verbis
1533 2172 1664 2225 magis

245 2237 539 2276 commendetur
564 2249 691 2288 neque
707 2235 764 2287 1ut
784 2235 1008 2276 Boeckhius
1031 2237 1132 2276 dixit
1153 2237 1434 2289 grammaticae
1457 2240 1667 2289 repugnet.

244 2299 376 2341 Facile
413 2300 519 2341 enim
554 2300 756 2354 optativus
792 2302 928 2353 potest
962 2301 1170 2354 explicari:
1207 2300 1419 2354 „zuweilen
1453 2301 1562 2341 steht
1597 2301 1668 2341 der

243 2365 407 2417 Optativ
451 2365 551 2420 ohne
585 2365 637 2406 ἂν
675 2366 718 2406 in
753 2366 883 2406 einem
915 2366 953 2406 Ν
956 2366 1162 2406 ebensatze
1203 2366 1307 2406 nach
1346 2366 1475 2406 einom
1514 2366 1669 2418 Haupt-

242 2431 398 2482 tempus
430 2430 487 2469 im
513 2429 774 2482 Hauptsatze,
813 2444 883 2470 um
916 2430 1001 2470 eine
1035 2430 1370 2471 unentsehiedene
1400 2430 1668 2484 Moglichkeit

242 2493 568 2535 auszudrucken‘fi
612 2494 800 2534 Kuehner
823 2494 864 2534 II
893 2497 917 2544 ἓ
940 2495 1030 2546 399,
1055 2497 1091 2547 7,
1119 2495 1189 2534 ubi
1217 2496 1398 2548 exempla
1425 2496 1613 2536 invenies.
