1911 2916
823 82 1088 122 ,22-

243 191 305 229 est
337 191 378 227 et
405 187 620 240 imaginem
653 188 808 229 iuvenis
842 190 1005 230 discum·
1020 204 1041 230 e
1069 190 1251 230 manibus
1287 188 1486 231 mittentis
1514 191 1663 243 optime

241 253 357 293 nobis
385 252 577 305 depingit.

501 320 504 325 ⁴
767 339 795 361 c.
834 338 922 361 eum
943 328 1046 362 coni.
1071 339 1149 363 aor.

352 392 598 434 Particulam
635 394 701 434 ὅτε
737 408 827 435 cum
865 395 1126 436 coniunctivo·
1158 397 1406 439 coniunctam
1444 395 1525 434 iam
1561 396 1664 447 apud

240 457 463 498 Homerum
491 472 608 510 saepe
636 460 870 511 reperimus:
898 459 945 499 cf.
968 460 1165 513 Kruegeri
1188 463 1291 513 synt.
1313 460 1378 509 54,
1403 461 1463 511 17,
1484 460 1511 499 4
1532 457 1597 513 (3)
1624 463 1665 500 et

240 523 587 564 Friedlaenderum
615 525 662 563 de
691 524 980 564 coniunctionis
1010 525 1075 565 ὅτε
1098 526 1202 577 apud
1223 525 1443 566 Homerum
1463 525 1504 564 vi
1525 526 1567 564 et
1588 538 1664 565 usu

240 602 278 639 p.
308 589 360 628 69
378 587 468 640 sal)
524 588 587 627 Ex
613 588 784 627 Pindaro
822 588 1004 640 Krueger
1040 589 1110 628 ille
1145 590 1519 641 γραμματικώτατος
1553 589 1664 629 nulla

201 646 214 660 ⁶
242 653 382 692 attulit
421 651 600 704 exempla
635 665 862 704 quanquam
893 651 1065 693 fortasse
1101 653 1179 692 duo
1212 656 1381 694 exstant.
1436 653 1569 693 Unum
1600 655 1663 692 est

244 717 290 755 fr.
322 716 373 755 75
401 715 490 769 (45)
530 730 554 755 a
591 716 791 767 Dionysio
831 715 897 769 (de
926 730 1052 768 comp.
1089 718 1197 757 verb.
1236 716 1307 770 22)
1347 720 1558 768 servatum,
1594 717 1663 756 ubi

242 781 363 820 codex
390 780 422 819 F
453 779 588 833 (Laur.
618 780 710 820 LIX
739 780 806 833 15,
843 794 942 821 saec.
965 779 1061 834 XII)
1101 781 1203 822 hane
1237 781 1448 822 lectionem
1483 781 1662 839 praebet:

241 845 285 885 ἐν
323 846 447 896 ἄλγεα
480 845 632 897 τεμέων
667 860 709 886 τε
737 846 882 898 μάντιν
921 846 971 887 οὐ
1007 847 1203 888 λανθάνει
1235 846 1509 898 φοινικοσάων
1545 846 1663 888 ὁπότε

240 912 451 963 οἰχθόντες
473 908 584 963 ὥραν
606 911 785 963 θάλαμοι
807 911 984 963 εὐόαμον
1006 911 1216 963 ἐπάγοισιν
1238 913 1309 964 ἔαρ
1331 911 1440 962 φυτὰ
1460 911 1663 963 νεκτάρεα.

239 975 398 1015 Addam
424 974 597 1016 Parisini
616 977 717 1016 1741
750 975 810 1029 (P.
833 990 933 1017 saec.
955 975 1033 1030 XI)
1059 977 1292 1018 lectionem:
1320 976 1364 1017 ἐν
1392 974 1516 1030 αργέα
1541 975 1665 1028 νεμέα

241 1040 322 1093 (vel
349 1039 496 1093 νεμέω)
525 1041 670 1091 μάντιν
699 1041 750 1081 οὐ
778 1041 974 1081 λανθάνει
1001 1044 1186 1093 φοίνικος
1213 1042 1344 1082 ἑανῶν
1371 1040 1481 1082 ὁπότ’
1505 1039 1664 1092 οἰχθέν-

238 1119 306 1152 τος
316 1104 442 1157 Ὡρᾶν
464 1106 655 1157 θαλάμου
677 1106 854 1157 εὔοδμον
878 1106 1071 1147 ἐπαΐωσιν
1093 1108 1165 1158 ἔαρ
1188 1107 1297 1158 φυτὰ
1313 1105 1514 1157 νεκτάρεα.
1541 1104 1663 1145 Vides

239 1171 363 1209 verba
396 1171 607 1210 admodum
641 1184 726 1210 esse
761 1174 957 1222 corrupta.
1011 1171 1195 1223 Heynius
1225 1171 1400 1223 scripsit:
1439 1169 1485 1210 ἐν
1508 1166 1664 1223 Ἀργείᾳ

239 1234 379 1289 Νεμέᾳ
414 1236 560 1287 μάντιν
596 1235 646 1275 οὐ
680 1236 877 1276 λανθάνει
908 1238 1091 1288 φοίνικος
1127 1237 1261 1289 ἔρνος,
1300 1248 1418 1288 quam
1452 1234 1664 1275 lectionem

239 1300 465 1340 Boeckhius
484 1313 725 1352 quamquam
744 1314 785 1340 se
803 1300 1048 1341 subtilitates
1067 1313 1250 1353 spernere
1267 1301 1364 1340 dicit
1381 1299 1500 1353 (expl.
1516 1314 1552 1352 p.
1564 1299 1663 1352 578)

239 1368 322 1405 tam
359 1368 500 1419 argute
537 1366 743 1405 defendere
782 1366 938 1418 studet,
982 1368 1028 1405 ut
1062 1366 1137 1406 hae
1173 1365 1351 1419 argutiae
1387 1365 1496 1417 ipsae
1530 1363 1663 1417 Heyni

239 1431 506 1471 coniecturam
542 1430 685 1470 falsam
722 1444 808 1470 esse
845 1431 1056 1471 declarent.
1122 1430 1262 1483 Neque
1298 1431 1421 1470 etiam
1455 1429 1662 1470 Dissenius

238 1509 330 1536 vero
354 1496 518 1548 propius
542 1496 709 1536 accessit
732 1496 800 1547 qui
816 1495 1064 1536 Boeckhium
1087 1509 1247 1536 sensum
1268 1495 1429 1535 illorum
1451 1495 1663 1535 verborum

239 1561 380 1600 eximie
399 1560 666 1600 enucleavisse
684 1560 792 1601 dicit.
814 1560 993 1600 Usenero
1006 1561 1164 1600 demum
1181 1560 1369 1600 debemus
1386 1562 1432 1599 ut
1448 1558 1663 1599 lectionum

238 1624 568 1677 Dionysiacarum
593 1625 781 1665 notitiam
803 1625 862 1665 ita
883 1625 1128 1677 praeclaram
1152 1625 1363 1665 verborum
1386 1626 1663 1676 corruptorum

238 1690 564 1730 emendationem.
603 1689 773 1742 Scripsit
795 1691 902 1730 enim
923 1691 984 1730 vir
1006 1688 1297 1742 doctissimus2)
1324 1688 1493 1742 ἐναργέα
1514 1687 1663 1729 τελέων

238 1752 382 1805 σάματ’
406 1755 456 1794 οὐ
473 1755 671 1794 λανθάνει
688 1758 729 1794 et
745 1768 839 1794 mox
855 1754 1061 1807 ἐπάγῃσιν.
1099 1754 1192 1794 Etsi
1213 1755 1339 1807 igitur
1360 1754 1425 1794 hio
1448 1753 1663 1794 coniuncti-

237 1833 331 1858 vum
369 1833 393 1859 a
421 1819 619 1871 particula.
655 1819 774 1860 ὁπότε
810 1820 1047 1872 pendentem
1083 1820 1310 1860 coniectura
1345 1819 1573 1859 restitutum
1608 1818 1664 1858 vi-

238 1884 375 1924 demus
418 1887 554 1924 tamen
591 1885 756 1924 alterius
796 1885 873 1925 loci
911 1885 1148 1924 auctoritate
1185 1885 1368 1924 firmatur
1405 1896 1532 1935 neque
1568 1885 1663 1935 post

238 1962 426 2000 praesens
476 1949 675 1989 λανθάνει
724 1963 805 1989 non
855 1952 972 2001 aptus
1022 1952 1094 1990 est.
1174 1949 1241 1989 Illi
1284 1949 1403 1991 ὁπότε
1452 1948 1663 2000 respondet

238 2027 331 2053 mox
358 2015 455 2053 τότε.

343 2077 527 2118 Alterum
566 2079 790 2130 exemplum
829 2081 890 2118 est
929 2078 976 2118 fr.
995 2079 1075 2119 225
1100 2076 1216 2131 (247)
1256 2078 1374 2119 ὁπότε
1406 2078 1506 2125 θεὸς
1542 2076 1662 2128 ἀνδρὶ

237 2142 369 2193 χάρμα
395 2141 550 2194 πέμψῃ,
577 2143 705 2195 πάρος
730 2143 925 2194 μέλαιναν
950 2144 1122 2194 κραδίαν
1150 2141 1424 2193 ἐστυφέλιξεν,
1448 2142 1519 2180 ubi
1542 2140 1663 2194 Berg-

237 2206 327 2246 kius
355 2220 404 2246 ex
432 2206 555 2247 schol.
572 2206 742 2247 Vindob.
765 2207 917 2248 ὁπόταν
939 2208 1099 2260 recepit.
1142 2206 1307 2247 Praeter
1333 2207 1408 2247 hos
1431 2206 1528 2246 duos
1551 2206 1661 2247 locos

236 2270 390 2309 nullum
423 2272 527 2322 apud
561 2271 776 2311 Pindarum
808 2272 1008 2311 invenitur
1038 2272 1262 2322 exemplum
1288 2270 1507 2322 particulae
1541 2270 1660 2310 ὁπότε

237 2347 328 2375 cum
351 2334 600 2377 coniunctivo
623 2336 856 2378 coniunctae
876 2349 1005 2389 neque
1031 2335 1322 2390 neglegendum
1343 2334 1569 2389 fragmenta
1590 2333 1660 2375 illa

235 2414 317 2439 non
345 2401 428 2439 sine
455 2402 538 2440 ulla
566 2402 814 2441 dubitatione
841 2402 989 2441 tradita
1015 2415 1112 2441 esse.

346 2541 379 2581 1)
401 2539 522 2580 Neque
533 2550 603 2572 non
614 2541 705 2582 apud
716 2541 927 2573 Herodotum
945 2542 980 2572 et
995 2540 1160 2582 tragicos:
1183 2540 1338 2581 Kmeger
1353 2538 1375 2571 1.
1393 2538 1416 2571 1.
1436 2541 1488 2580 54,
1500 2542 1550 2579 17,
1563 2542 1582 2571 6
1600 2540 1659 2581 (8).

344 2594 377 2635 2)
399 2592 486 2625 Mus.
509 2592 603 2626 rhen.
626 2593 736 2625 XXIII
759 2596 831 2626 149.
