1911 2916
807 55 1067 94 „29-

337 271 552 313 Loeutione
569 269 611 319 ἐξ
632 267 683 311 οὗ
705 258 872 310 relativa
892 281 1088 321 nusquam
1102 281 1197 308 usus
1215 270 1276 307 est
1292 267 1496 319 Pindarus,
1518 269 1641 309 semel

229 336 327 377 dicit
353 336 394 385 ἐξ
420 333 545 388 οὗπερ
568 349 602 375 ο.
616 334 728 377 ind·
716 347 810 385 imp.
840 335 886 373 Ο.
902 333 943 373 II
958 333 1024 373 42.

235 442 238 445 ,
335 399 503 452 Praeter
528 399 606 440 hoe
637 410 761 438 unum
793 397 1015 450 exemplum
1048 395 1088 445 ἐξ
1123 392 1173 436 οὗ
1206 396 1311 447 apud
1336 396 1548 437 Pindarum
1578 399 1642 437 bis

230 464 542 505 demonstrativo
569 476 687 502 sensu
714 462 907 502 videmus.
935 465 981 502 0.
998 461 1056 502 VI
1074 463 1136 502 71.
1163 460 1220 500 IX
1238 463 1299 502 76.

336 526 642 569 coniunctiones
680 527 767 567 ἔστε
805 526 898 579 ἄχρι
935 525 1049 579 μέχρι
1088 526 1192 578 apud
1224 525 1439 565 Pindarum
1475 539 1555 565 non
1587 527 1643 564 in-

228 587 494 646 veniuntur¹),
533 592 653 633 semel
691 606 785 632 usus
824 595 887 632 est
921 591 1116 644 particula
1148 590 1239 643 ἕως,
1278 591 1466 631 nimirum
1499 590 1645 632 Dorica

227 659 358 699 forma
383 654 446 705 ἆςτ
486 660 531 697 0.
549 658 585 697 Χ
602 657 655 697 50
681 659 836 709 πρόσθε
864 657 940 709 γὰρ
966 657 1197 709 νώνυμνος,
1231 654 1278 704 ἇς
1306 657 1508 707 Οἰνόμαος
1535 652 1645 708 ἆρχε,

228 722 392 775 βρέχετο
417 725 547 775 πολλᾷ
574 723 726 773 νιφάδι.

816 817 891 858 VI.
934 819 1058 871 Πρίν.

337 903 446 955 Πρὶν
474 904 577 956 apud
598 902 814 943 Pindarum
840 906 881 943 et
908 903 1131 943 coniunctio
1161 905 1201 942 et
1223 903 1451 943 adverbium
1473 906 1513 942 et
1535 917 1645 954 prae-

231 968 378 1021 positio
406 970 477 1009 est.
532 966 661 1008 Nobis
688 971 846 1008 tantum
873 968 920 1007 de
948 968 1221 1007 coniunctione
1249 968 1444 1020 agendum
1471 967 1559 1007 erit.

335 1031 534 1085 Apodosis
584 1044 737 1085 semper
781 1031 1020 1074 affirmativa
1064 1035 1135 1072 est.
1208 1031 1372 1084 Saepius
1415 1031 1512 1082 πρὶν
1557 1046 1646 1072 eon-

229 1088 471 1137 ium-,tionem
499 1111 588 1137 eum
609 1097 718 1137 infin.
741 1111 820 1137 aor.
843 1096 1094 1137 coniunctam
1116 1097 1306 1148 videmus,
1333 1100 1396 1136 ter
1418 1111 1507 1137 cum
1528 1095 1645 1137 indie.

231 1161 380 1202 aoristi.

748 1224 783 1258 1.
818 1233 899 1257 eum
921 1224 1027 1257 infin.
1049 1233 1130 1258 aor-

335 1288 446 1342 Πρὶν
472 1290 541 1329 ubi
568 1303 658 1330 cum
684 1289 793 1329 infin.
816 1303 896 1329 aor.
919 1290 1122 1330 coniunxit
1148 1292 1266 1342 poeta
1294 1292 1363 1329 aut
1391 1290 1437 1328 de
1466 1303 1508 1328 re
1532 1303 1645 1341 prae-

229 1356 350 1395 terita
377 1355 511 1407 agitur
538 1358 623 1394 aut·
636 1355 833 1395 sententia
859 1355 1054 1407 generalis
1083 1354 1325 1406 exprimitur.

338 1433 370 1459 a.
405 1409 452 1459 de
485 1432 527 1458 re
560 1419 776 1470 praeterita
809 1419 952 1471 agitur.
1007 1422 1047 1458 P.
1066 1418 1179 1459 1118.
1207 1418 1264 1458 IX
1283 1420 1371 1459 113.
1415 1421 1469 1458 Ν.
1486 1418 1564 1458 V11
1584 1421 1644 1460 73.

231 1484 330 1523 VIII
347 1484 400 1523 50
426 1481 479 1533 ἦν
506 1498 551 1533 γε
578 1484 659 1534 μὰν
677 1483 894 1534 ’ἐπικώμιος
908 1483 1036 1534 ὕμνος
1052 1484 1102 1534 δὴ
1118 1484 1242 1523 πάλαι
1257 1482 1325 1523 καὶ
1340 1482 1438 1534 πρὶν
1454 1483 1646 1534 γενέσθαι

230 1548 307 1588 τὰν
330 1546 549 1599 Ἀδράστου
576 1547 651 1587 τάν
677 1560 720 1587 τε
747 1548 963 1599 Καδμείων
990 1548 1088 1599 ἔριν.
1132 1547 1190 1586 IX
1207 1548 1270 1587 26.
1324 1547 1458 1586 Habes
1486 1548 1528 1586 in
1555 1561 1647 1599 apo-

230 1612 318 1652 doni
344 1625 499 1664 semper
526 1611 766 1652 affirmativa
794 1615 935 1663 quater
960 1612 1076 1652 indie.
1100 1612 1251 1664 aoristi,
1279 1611 1400 1652 semel
1422 1611 1646 1663 imperfecti

232 1673 315 1729 (ἦν,
342 1678 394 1716 Ν.
412 1676 512 1716 VIII
527 1675 610 1729 50).

339 1742 377 1781 b.
414 1740 612 1781 sententia.
638 1741 832 1794 generalis
860 1741 1104 1793 exprimitur.
1151 1741 1240 1781 Duo
1268 1743 1428 1781 exstant
1456 1742 1646 1793 exempla.

229 1804 349 1845 21:111
365 1805 417 1845 49
436 1804 513 1858 (IV
529 1804 599 1858 31)
622 1807 731 1846 ἔστιν
753 1804 790 1845 δ’
817 1806 989 1858 ἀφάνεια
1010 1806 1132 1858 τύχας
1152 1804 1219 1845 καὶ
1240 1805 1519 1858 μαρναμένων,
1547 1805 1646 1856 πρὶν

230 1868 342 1916 τέλος
376 1871 501 1921 ἄκρον
534 1869 705 1909 ἱκέσθαι.
734 1892 780 1898 -
812 1873 854 1909 Ρ.
870 1869 911 1909 Π
927 1871 980 1910 90
1013 1871 1195 1920 στάθμας
1227 1869 1276 1910 δέ
1299 1884 1409 1917 τινος
1436 1869 1644 1926 ἑλκόμενοι

231 1939 421 1985 περισσᾶς
459 1932 655 1981 ἐνέπαξαν
692 1933 808 1981 ἕλκος
845 1934 1048 1984 ὀδυναρὸν
1086 1933 1133 1986 ἑᾷ
1166 1936 1321 1985 πρόσθε
1348 1935 1513 1987 καρδίᾳ,
1550 1934 1647 1986 πρὶν

232 1997 308 2036 ὅσα
342 1997 532 2049 φροντίδι
563 1999 771 2048 μητίονται
804 2004 950 2049 τυχεῖν.
1005 1997 1138 2037 Pauca
1170 1998 1333 2037 dicenda
1365 2001 1459 2037 sunt
1491 1998 1537 2037 de
1569 1998 1647 2038 hoe

230 2061 385 2102 difficili
421 2061 520 2102 loeo.
574 2061 770 2113 Loquitur
796 2060 989 2102 Pindarus
1029 2062 1076 2102 de
1114 2062 1257 2102 invidis
1297 2064 1417 2115 atque
1451 2061 1647 2115 malignis,

231 2139 331 2177 quos
361 2126 459 2167 dieit
485 2128 695 2177 antequam
723 2127 829 2178 quod
857 2127 1018 2179 cupiant
1043 2127 1344 2179 impetraverint
1370 2128 1508 2167 volnus
1537 2127 1646 2167 cordi

231 2202 303 2229 suo
324 2190 514 2243 infligere.
558 2190 667 2237 Quae
695 2193 788 2231 sunt
814 2191 932 2243 clara,
957 2191 1025 2231 sed
1049 2192 1143 2244 quid
1166 2192 1306 2232 volunt
1327 2192 1447 2231 verba
1463 2192 1647 2243 στάθμας

232 2253 282 2293 δέ
314 2267 426 2300 τινος
462 2253 672 2306 ἑλκόμενοι
708 2261 901 2307 περισσᾶς
934 2256 1041 2295 varie
1080 2258 1131 2296 ab
1170 2257 1386 2296 editoribus
1423 2256 1646 2307 explicata?

229 2317 320 2371 Ego
357 2316 514 2370 quidem
546 2319 839 2360 Boeekhianam
870 2319 996 2372 probo
1033 2320 1269 2360 sententiam
1302 2333 1402 2372 quae
1431 2321 1647 2372 supplenda

231 2387 293 2423 est
331 2384 388 2424 eis
427 2397 527 2435 quae
565 2385 815 2425 Hermann·
836 2385 1041 2426 ‘disseruit
1079 2388 1158 2438 (op.
1176 2385 1253 2425 VII
1273 2400 1311 2436 p.
1332 2385 1407 2425 121
1421 2384 1482 2438 s.).
1536 2385 1645 2426 Dicit

338 2502 371 2544 1)
392 2500 601 2535 Pax-ticulum
627 2500 720 2543 ὄφρα
747 2511 851 2544 quam
873 2501 964 2545 apud
986 2501 1072 2535 alios
1095 2502 1137 2535 de
1159 2503 1312 2545 tempore
1335 2513 1403 2536 non
1426 2502 1530 2536 semel
1552 2504 1644 2536 stare

230 2555 350 2587 notum
371 2557 433 2598 est,
455 2555 622 2588 Pindarus
644 2565 713 2588 non
733 2555 801 2588 nisi
824 2566 925 2589 sensu
947 2556 1041 2589 finali
1064 2557 1252 2598 usurpavit.
