1911 2916
868 85 919 100 .-
978 74 1029 113 10
1083 97 1135 102 -

287 181 359 220 illo
395 182 483 219 loeo
521 179 707 233 ἐπιβρίσῃ
739 181 952 233 legendum
987 182 1053 233 sit,
1087 183 1164 222 hoe
1200 182 1289 221 loeo
1324 180 1427 232 &en-¹
1491 181 1630 234 Neque
1667 182 1709 221 in

288 243 513 284 Homericis
551 243 651 284 loeis
689 258 816 298 neque
854 245 920 287 hio
958 245 1135 286 futurum
1173 245 1299 286 ullum
1338 257 1496 286 sensum
1533 247 1709 298 praebet.

288 309 545 360 Comparatio
583 309 688 350 enim
724 313 787 350 est
821 311 938 351 haee:
978 312 1082 352 sicut
1117 310 1179 352 vir
1213 311 1320 350 dives
1357 322 1502 362 genero
1518 313 1709 362 ‚pateram

287 374 410 413 donat
432 376 474 414 et
497 374 648 414 donans
671 374 807 426 efficit,
828 378 875 415 ut
895 375 1074 427 hospites
1096 376 1133 416 ei
1149 375 1361 427 invideant,
1379 374 1436 415 sie
1452 386 1527 427 ego
1551 387 1710 416 carmen

286 438 407 479 mitto
442 441 483 479 et
515 440 679 479 mittens
708 440 879 480 victores
912 439 1011 480 mihi
1039 443 1177 493 gratos
1211 441 1341 481 reddo.
1395 438 1552 492 Duplex
1584 439 1710 493 igitur

287 504 533 555 comparatio
574 507 650 543 est:
690 504 793 543 sieut
826 516 937 543 socer
968 507 1150 555 pateram
1189 518 1335 557 genero
1371 505 1507 555 donat,
1535 503 1597 544 'sio
1633 517 1710 557 ego

288 582 448 608 carmen
475 568 715 620 victoribus3
755 569 857 608 sieut
884 568 952 608 ille
984 581 1175 621 generum
1209 583 1363 609 summo
1397 569 1541 623 gaudio
1569 568 1710 621 implet

288 631 420 685 (tauto
450 632 612 684 gaudio,
643 635 689 670 ut
717 632 753 671 ei
780 632 983 672 invideant
1016 632 1174 686 ceteri),
1207 633 1265 673 sie
1293 645 1367 685 ego
1395 634 1575 674 victores.
1629 632 1709 686 Ap-

286 700 401 749 paret
435 697 613 737 futurum
653 696 812 737 omnino
851 696 1030 749 ineptum
1063 711 1161 737 esse.
1215 696 1355 749 Neque
1382 699 1488 739 enim
1515 699 1708 740 Pindarus

288 775 445 801 carmen
480 762 638 800 mittere
666 761 771 812 vult,
807 762 876 800 sed
904 761 1029 812 misit,
1066 774 1193 814 neque
1227 774 1339 803 socer
1373 765 1553 814 pateram
1589 763 1707 803 dona·

287 829 399 864 turus
428 827 505 874 est,
545 825 613 864 sed
641 826 820 877 donavit3
859 826 1010 865 aceedit
1046 826 1151 877 quod
1187 826 1359 866 aoristus
1395 829 1497 877 θῆκε
1520 825 1711 879 impedit,

287 889 496 941 quominus
527 889 749 940 δωρήσεται
777 903 850 941 pro
878 890 1014 932 futuro
1041 890 1278 941 habeamus,
1311 904 1405 930 nam
1442 890 1477 930 si
1500 904 1617 930 socer
1643 892 1710 931 do-

283 956 450 994 naturus
479 956 541 994 est
568 967 649 994 non
676 954 758 994 iam
784 954 956 997 reddidit
983 968 1173 1009 generum
1200 954 1439 997 invidiosum
1467 955 1535 996 sed
1557 955 1705 1008 reddet,

285 1023 373 1058 tum
401 1034 492 1059 eum
519 1023 698 1070 pateram
726 1020 899 1061 donavit.
954 1020 1093 1071 Neque
1122 1020 1243 1059 etiam
1272 1034 1363 1060 cum
1390 1020 1551 1063 Nabero
1580 1021 1709 1072 δωρή-

284 1093 380 1124 σατο
410 1084 661 1125 scribendum
688 1082 862 1136 videtur,
891 1097 980 1124 oum
1008 1084 1231 1138 δωρήσεται
1260 1084 1409 1137 optime
1436 1084 1566 1141 possit
1590 1085 1710 1137 expli-

285 1150 383 1188 cari:
412 1151 474 1189 est
498 1150 720 1200 δωρήσεται
744 1150 1018 1189 coniunctivae
1042 1149 1182 1189 aoristi
1205 1152 1387 1201 correpta
1409 1150 1547 1190 vocali.
1585 1148 1709 1196 Quem

282 1228 399 1253 usum
426 1213 684 1255 Homericum
713 1227 799 1255 esse
829 1216 1004 1264 constat,
1038 1213 1086 1254 ef.
1114 1226 1144 1253 π
1167 1214 1228 1253 70.
1251 1214 1330 1254 348
1364 1217 1405 1254 et
1438 1227 1484 1267 ea
1512 1227 1612 1265 quae
1642 1213 1710 1259 Sa-

282 1278 529 1331 velsbergius
538 1276 570 1331 2)
599 1277 800 1329 disseruit3
841 1277 887 1320 of.
917 1276 1039 1318 etiam
1068 1291 1167 1330 quae
1201 1277 1305 1320 infra
1338 1278 1385 1318 de
1429 1277 1557 1318 forma
1585 1277 1710 1322 αὐδά-

283 1353 407 1396 σομεν
436 1342 501 1395 (Ο.
524 1342 544 1382 1
570 1341 610 1394 7)
640 1342 768 1384 dicam
797 1342 903 1394 (pag,
926 1342 1008 1395 45).
1052 1342 1268 1383 Pindarum
1295 1342 1450 1395 saepius
1472 1342 1709 1394 particulam

282 1409 322 1447 εἰ
348 1422 437 1447 cum
466 1406 715 1447 coniunctivo
744 1407 982 1459 coniungere
1015 1406 1120 1446 infra
1141 1406 1359 1450 videbimus
1388 1405 1496 1460 (pag.
1519 1406 1708 1461 54—55).

284 1473 361 1513 Est
389 1473 455 1512 hio
484 1485 639 1525 quoque
666 1485 763 1512 usus
790 1472 1026 1512 Homericus
1054 1486 1180 1525 neque
1207 1486 1289 1513 non
1316 1472 1535 1513 eommunis
1564 1472 1707 1526 elegia-

282 1553 419 1578 corum
446 1541 493 1577 ut
515 1538 677 1589 Tyrtaei
699 1537 941 1589 Theognidis
971 1537 1140 1589 Solonis,
1169 1538 1215 1577 cf.
1240 1537 1430 1590 Krueger.
1468 1537 1531 1577 Di.
1555 1538 1619 1589 54,
1645 1539 1707 1589 12,

283 1604 307 1642 2
337 1604 396 1654 [3]
426 1605 467 1642 et
495 1601 697 1642 Thiersch.
726 1604 800 1641 aet.
827 1601 925 1654 phil.
953 1601 1105 1642 Monac.
1133 1600 1153 1640 I
1171 1602 1207 1654 2,
1230 1602 1321 1644 211.

389 1667 585 1706 Alterum.
624 1667 823 1719 Apodosis
847 1680 963 1706 versu
986 1666 1155 1717 septimo
1185 1667 1386 1709 inducitur
1407 1666 1605 1719 particula
1626 1668 1704 1706 καί.

281 1731 450 1771 Prorsus
492 1730 634 1770 similis
671 1733 732 1770 est
770 1731 882 1770 locus
914 1733 957 1769 Ο.
980 1729 1018 1769 Χ
1036 1731 1104 1787 9),
1143 1730 1212 1770 ubi
1244 1728 1311 1770 καὶ
1349 1731 1470 1772 verbo
1504 1726 1579 1770 ὧτε
1615 1728 1704 1787 (86)

281 1798 509 1848 respondet3
538 1796 585 1835 cf.
614 1798 665 1834 N.
694 1794 824 1847 111.³)

390 1860 580 1901 Tertium.
635 1860 738 1899 Tota
767 1860 1010 1912 comparatio
1044 1873 1168 1911 paene
1196 1858 1451 1899 Homericum
1484 1859 1615 1902 induit
1642 1872 1706 1899 co·

280 1926 418 1965 lorem.
463 1925 618 1964 Memor
641 1925 707 1976 sis,
733 1927 780 1964 ut
802 1912 925 1964 unum
953 1926 1110 1966 tantum
1137 1924 1347 1978 proferam,
1376 1924 1545 1979 exempli
1567 1937 1587 1963 ε
1609 1924 1708 1964 368:

285 1991 338 2037 ὡς
367 1989 403 2029 δ’
438 1990 585 2041 ἄνεμος
622 1990 714 2041 ζαὴς
746 1989 848 2040 ἠίων
881 1993 1054 2042 θημῶνα
1088 1989 1227 2044 τινάξῃ
1263 1987 1518 2041 καρφαλέων·
1556 1988 1604 2028 τὰ
1630 1985 1707 2045 μὲν

281 2056 331 2106 ἄρ
354 2069 395 2094 τε
426 2053 648 2094 διεσκέδασ’
677 2055 843 2103 ἄλλυδις
870 2054 987 2106 ἄλλῃ·
1017 2050 1071 2101 ὧς
1097 2059 1167 2104 τῆς
1195 2054 1373 2105 δούρατα
1400 2054 1532 2106 μακρὰ
1555 2052 1707 2097 Owen&-

282 2117 383 2158 δασ’.
438 2118 589 2158 Pendet
623 2106 647 2157 a
679 2118 877 2170 particula
913 2118 967 2164 ὡς
1001 2118 1100 2157 coni.
1129 2132 1208 2158 aor.
1241 2118 1393 2170 τινάξῃ·
1417 2120 1463 2157 ut
1499 2118 1548 2157 ab
1577 2118 1617 2157 εἰ
1642 2118 1707 2161 hie

391 2259 422 2298 1)
444 2257 484 2291 ef.
516 2255 703 2289 Her-manni
736 2265 851 2298 opusc.
873 2255 906 2290 11
928 2258 985 2297 46,
1005 2258 1033 2288 9.
1090 2254 1168 2288 Non
1200 2254 1313 2291 minus
1347 2255 1433 2290 false
1467 2255 1509 2289 de
1540 2255 1706 2301 Jonghius

281 2322 314 2353 p.
339 2311 416 2352 497)
439 2310 590 2344 futurum
613 2309 794 2342 defendere
818 2308 934 2341 studet
957 2306 1083 2341 collato
1105 2308 1180 2342 loeo
1204 2307 1242 2342 Ο.
1266 2308 1296 2340 Χ
1315 2311 1366 2351 10,
1389 2307 1450 2341 ubi
1471 2308 1625 2342 futurum
1646 2318 1707 2355 op-

282 2364 368 2397 time
392 2373 427 2396 se
449 2364 557 2397 habet
579 2364 638 2397 sed
659 2373 797 2406 prorsus
821 2362 890 2395 alio
913 2371 1023 2404 sensu,
1046 2362 1089 2394 de
1112 2371 1180 2403 quo
1201 2361 1302 2395 insta.

390 2420 423 2460 2)
448 2418 517 2450 ‘die
539 2418 674 2450 Aoriste
698 2419 854 2451 ΕΔΩΚΑ
871 2417 1023 2449 ΕΘΗΚΑ
1046 2418 1140 2449 ΗΚΛ
1168 2415 1205 2448 in
1228 2415 1405 2458 „symbola
1431 2416 1469 2449 in
1490 2416 1608 2449 honor.
1631 2415 1707 2449 Rit-

279 2472 401 2505 schelii
423 2483 455 2514 p.
469 2470 867 2513 508.—cf.Westphal.,
889 2469 1038 2502 method.
1063 2469 1209 2502 Gra-mm.
1235 2470 1266 2502 d.
1290 2469 1417 2513 grieoh.
1444 2469 1704 2512 Spraehe1216.

389 2528 422 2569 3)
444 2526 481 2560 P.
498 2526 577 2559 VIII
599 2530 639 2559 93
671 2527 724 2559 est
745 2526 804 2559 καὶ
825 2523 914 2557 nihil
936 2523 1032 2557 aliud
1059 2523 1126 2559 nini
1149 2523 1296 2567 „etiam“
1315 2525 1351 2557 et
1369 2523 1579 2567 eomparatio
1596 2520 1706 2567 parti-

280 2581 357 2613 cula
380 2580 467 2614 οὕτω
489 2580 712 2622 intellegitur.
