1911 2916
813 72 1075 113 ..28-

233 179 362 231 pelius
391 178 444 230 (p.
464 177 562 230 309)
598 178 759 233 Mezger
785 179 949 222 Roma:
966 181 1018 221 26
1048 180 1168 232 (5112
1195 180 1371 222 laudans.
1426 181 1543 233 Apud
1563 180 1654 223 Pin·

231 245 368 283 darum
409 243 517 282 aliud
555 244 675 284 huius
714 258 810 284 usus
849 245 1073 297 exemplum
1112 252 1351 297 quanquam·
1371 257 1454 285 non
1485 245 1654 298 invenio,

233 311 368 349 tamen
395 312 557 359 poetam
586 309 644 350 sic
672 323 759 351 ease
786 310 965 352 locutum
987 311 1053 350 vix
1078 310 1301 362 negandum
1323 312 1398 360 ent,
1425 323 1516 351 cum
1537 311 1656 351 Grae-

229 385 296 411 cos
320 372 554 424 saepissime
576 376 719 415 neutro
742 373 925 413 adiectivi
946 386 1019 425 pro
1037 374 1222 415 adverbio
1239 387 1332 414 usos
1349 386 1435 415 esse
1452 373 1653 429 constet-²)

227 435 396 479 Accedit
435 438 540 489 quod
581 438 779 479 sententia
817 438 959 479 melior
996 452 1082 479 ease
1115 438 1272 480 videtur
1303 452 1398 479 voce
1437 437 1532 479 νέον
1566 451 1656 481 cum

227 502 351 541 verbo
380 503 600 542 coniuncta.
645 502 686 543 N
688 516 752 542 am
780 515 938 542 murum
965 502 1079 543 illum
1107 502 1295 543 ‘novum'
1322 516 1408 543 esse
1430 504 1548 554 poeta
1573 515 1656 542 non

227 565 282 606 de
323 566 519 607 industria
557 566 698 608 addere
732 565 865 617 debet,
903 579 997 608 nam
1029 565 1106 608 hoc
1125 567 1187 609 ¹de
1222 568 1405 609 omnibus
1438 567 1561 609 muris
1588 567 1655 609 vix

230 631 419 683 perfectis
453 631 662 672 dicendum
690 634 761 671 est.
805 630 947 683 Neque
973 644 1067 672 vero
1095 634 1236 683 putare
1263 646 1474 684 possumus
1502 632 1652 684 Apolli-

229 709 322 737 nem
345 696 576 747 Neptunum
596 696 773 738 Aeacum
795 696 862 738 diu
884 699 978 747 post
1000 696 1247 738 aedificatum
1272 711 1430 739 murum
1450 697 1654 749 mansisse,

230 761 299 801 sed
337 761 406 801 ubi
438 761 613 812 primum
647 760 875 802 aedificatus
910 763 972 800 est
1003 774 1156 812 murus,
1200 763 1287 802 tum
1313 762 1541 815 prodigium
1567 762 1654 803 fuit.

232 825 344 871 Quod
386 825 535 876 optime
571 825 806 875 exprimitur
839 825 874 864 si
907 824 992 865 ἐπεὶ
1024 827 1169 876 κτίσθη
1203 824 1298 866 νέον
1330 825 1654 879 οοιιίιιηςίιιιιιε.’)

335 892 377 929 Ρ.
396 889 434 927 V
451 890 502 929 57
546 891 684 929 κεῖνόν
719 903 765 939 γε
797 887 864 929 καὶ
897 890 1150 941 βαρύκομποι
1184 888 1341 936 λέοντες
1372 888 1465 941 περὶ
1497 891 1655 942 δείματι

228 954 386 1005 φύγον,
426 957 615 1005 γλῶσσαν
655 953 745 995 ἐπεί
774 964 873 1006 σφιν
905 953 1113 995 ἀπένεικεν
1145 955 1427 1007 ὑπερποντίαν.
1485 954 1654 996 ‘Leones

227 1032 324 1070 prae
353 1019 497 1060 timore
525 1019 725 1071 fugerunt,
756 1032 895 1060 vocem
923 1019 1107 1070 quando
1135 1019 1233 1070 ipsis
1262 1019 1400 1059 attulit
1427 1019 1655 1061 transmari-

230 1083 344 1125 nam'
372 1083 599 1125 Boeckhiua
633 1084 766 1125 vertit.
822 1082 974 1124 Contra
1000 1083 1233 1135 Rumpeliua
1268 1086 1308 1123 et
1335 1083 1534 1126 christina
1564 1098 1653 1139 par·

224 1148 391 1190 ticulam
419 1147 505 1190 ἐπεὶ
534 1148 732 1189 causalem
761 1161 846 1189 esee
875 1150 1046 1189 censent.
1090 1147 1295 1189 Habemus
1322 1148 1404 1188 iam
1431 1149 1654 1200 exemplum

225 1212 310 1254 eius
346 1226 443 1253 usus
478 1212 697 1264 particulae
731 1210 817 1252 ἐπεὶ
851 1226 930 1266 quo
965 1215 1005 1252 et
1037 1212 1269 1263 temporalis
1298 1215 1340 1253 et
1369 1212 1538 1254 causalis
1566 1226 1652 1253 esee

224 1279 371 1328 potest.
428 1276 531 1317 Sane
559 1277 706 1317 Battus
733 1277 844 1329 prius
874 1277 1044 1316 clamare
1072 1276 1210 1317 debuit
1237 1289 1356 1328 quam
1384 1276 1518 1317 leones
1544 1276 1653 1329 fuge-

225 1344 332 1382 rent:
360 1342 559 1393 particula
586 1341 820 1393 temporalis
848 1344 925 1393 est3
960 1341 1027 1382 sed
1055 1341 1177 1383 etiam
1205 1341 1311 1393 quod
1337 1340 1482 1383 Battus
1511 1341 1652 1383 clama-

224 1407 310 1458 bat,
349 1420 469 1447 causa
502 1409 604 1457 erat,
643 1420 713 1446 cur
745 1407 879 1446 leones
912 1406 1112 1458 fugerent:
1150 1405 1349 1457 particula.
1382 1405 1550 1456 canulis
1579 1409 1651 1446 est.

163 1484 214 1512 A
227 1470 459 1512 Cuiusmodi
487 1471 530 1511 in
553 1471 744 1522 exemplis
768 1471 1006 1523 particulam
1027 1469 1113 1511 ἐπεὶ
1135 1470 1277 1511 melius
1300 1483 1395 1510 voce
1418 1469 1547 1511 ‘cum'
1569 1484 1653 1510 ver-

223 1536 387 1574 tendum
416 1548 501 1575 esse
529 1538 640 1586 puto,
669 1548 770 1586 quae
798 1537 840 1574 et
866 1534 1098 1586 temporalis
1127 1537 1168 1574 et
1196 1534 1366 1575 causalis
1394 1547 1480 1574 ease
1503 1536 1649 1585 potest.

1757 1446 1780 1464 N

225 1599 376 1641 Similis
425 1602 486 1640 eat
530 1599 697 1651 denique
743 1600 854 1641 loeus
894 1602 936 1640 P.
953 1599 992 1639 V
1016 1600 1068 1640 83
1108 1601 1186 1640 σὺν
1218 1598 1358 1653 Ἑλένᾳ
1395 1599 1473 1651 γὰρ
1511 1600 1651 1651 μόλον,

225 1669 514 1720 καπνωθεῖσαν
540 1665 698 1716 πάτραν
726 1664 812 1705 ἐπεὶ
837 1665 959 1705 ,Ρίδον
986 1663 1030 1705 ἐν
1047 1663 1170 1714 Ἄρει.

332 1729 462 1771 Semel
485 1729 662 1770 invenies
685 1730 789 1781 apud
812 1728 1028 1770 Pindarum
1050 1727 1135 1770 ἐπεὶ
1156 1729 1418 1781 πάμπρωτονε
1448 1728 1558 1768 P.IV
1573 1729 1647 1770 111

221 1797 289 1835 τοί
324 1793 381 1846 μ’,
414 1793 499 1835 ἐπεὶ
543 1794 790 1846 πάμπρωτον
829 1791 941 1834 εἶδον
979 1792 1147 1845 φέγγος,
1185 1825 1194 1833 .
1218 1823 1227 1833 .
1251 1823 1261 1832 .
1299 1794 1456 1845 κρύβδα
1473 1792 1650 1844 ,πέμπον

224 1859 472 1909 σπαργάνοις
500 1858 546 1899 ἐν
573 1857 833 1911 πορφυρέοιςε
860 1859 931 1899 ubi
957 1859 1132 1909 primum
1158 1858 1288 1898 lucem
1314 1858 1406 1897 vidi.

330 1923 532 1963 Particula
566 1923 621 1969 ὡς
655 1923 888 1974 temporalia
916 1923 1038 1962 semel
1066 1922 1171 1973 apud
1196 1921 1411 1962 Pindarum
1437 1921 1650 1972 reperitur:

223 1990 269 2026 Ο.
286 1988 306 2026 Ι
324 1988 375 2027 47
417 1987 471 2033 ὡς
508 1985 544 2026 δ’
578 1988 757 2037 ἄφαντος
795 1988 950 2036 ἔπελες,
989 1983 1085 2027 οὐδὲ
1123 1985 1243 2037 ματρὶ
1275 1986 1405 2026 πολλὰ
1438 1986 1650 2036 μαιόμενοι

220 2058 351 2102 φῶτες
378 2051 552 2103 ἄγαγον,
581 2052 722 2092 ἔννεπε
749 2056 887 2104 κρυφᾷ
915 2065 976 2098 τις
1002 2048 1119 2103 mist)

329 2193 361 2233 1)
385 2190 433 2224 Of.
452 2190 579 2232 Krueg.
597 2194 649 2231 46,
668 2194 698 2231 3,
717 2194 746 2223 2.

328 2247 361 2287 2)
383 2244 609 2278 Mommsenio
631 2244 755 2286 (suppl.
774 2254 852 2279 ann.
872 2244 953 2277 critt
974 2254 1007 2285 p.
1028 2246 1091 2276 104
1108 2245 1147 2285 s.)
1170 2253 1238 2277 uon
1255 2242 1424 2276 assentior
1446 2241 1648 2285 explicantiz

221 2299 360 2332 ‘recens
384 2298 591 2331 assaltantes
613 2299 699 2339 tren,
725 2297 926 2331 deciderunt
949 2296 1027 2339 duo,
1050 2307 1138 2330 unua
1160 2306 1239 2329 vero
1262 2305 1334 2330 rem
1356 2294 1531 2330 obtinuit)
1574 2294 1648 2328 Hoc

218 2351 308 2385 nihil
331 2351 466 2393 attinet,
490 2352 551 2384 sed
568 2351 627 2385 vix
644 2352 719 2384 erat
736 2352 950 2384 constructus
966 2360 1093 2393 murus,
1116 2351 1191 2384 tum
1206 2342 1401 2394 prodigium
1417 2349 1493 2384 fuit.
1532 2347 1649 2382 Etiam

219 2406 405 2439 verborum
428 2406 582 2439 ordinem
603 2405 807 2438 Mommseni
829 2405 1092 2446 explicationem
1114 2406 1230 2436 vetare
1251 2405 1345 2446 puto.

327 2461 363 2502 3)
385 2458 458 2491 ἐπεὶ
490 2459 577 2501 τάχα
610 2459 648 2491 in
681 2459 722 2492 fr.
740 2462 792 2491 51.
839 2457 1117 2492 Schneidewinus
1145 2457 1318 2501 (Beitrage
1348 2469 1408 2490 zur
1441 2455 1557 2489 Kritik
1586 2455 1647 2489 der

217 2514 346 2547 Poetae
368 2512 470 2557 lyrici
494 2512 614 2546 Graeci
636 2525 670 2556 p.
689 2515 744 2556 82)
768 2523 809 2546 ex
831 2513 1027 2546 coniectura
1049 2512 1210 2546 restituit.
