1911 2916
816 55 1078 97 —1'2—

241 163 410 209 mci
444 177 606 207 coenam
633 165 804 207 offerunt
828 163 1027 216 primum'*
1043 162 1268 203 Bomkhiu·
1301 163 1438 216 vertit3
1477 162 1663 204 similiter

240 228 447 274 Disaenius
482 231 652 285 Heager.
717 228 828 278 Quae
865 228 988 269 verbs
1021 238 1248 279 quanquam
1281 228 1430 269 bonum
1465 228 1660 282 praebent

242 306 401 339 nusum
426 299 561 341 tamen
587 296 777 346 compt-
801 301 891 333 csse
917 293 1101 333 vid-mm·
1127 292 1239 332 ouius
1265 292 1400 332 iudicii
1421 296 1660 346 argumenta

241 360 293 403 ab
320 361 538 402 editoribus
567 360 692 400 allata
719 359 825 398 sunt.
875 356 1028 404 Quibus
1055 355 1207 396 aceedit
1234 356 1340 408 quod
1366 356 1561 408 particula
1587 359 1658 398 ἅτε

240 435 331 466 eum
357 427 479 467 verbo
505 423 622 465 finito
650 422 859 463 coniuncta
884 421 1084 473 displicet,
1118 434 1219 472 quae
1246 434 1272 460 a
1297 421 1470 461 Pindaro
1504 435 1657 474 semper

242 488 493 531 substantivo·
520 486 655 527 :adita
681 488 759 538 θείς
786 484 835 526 of.
862 485 984 526 etiam
1011 485 1193 537 exempla
1218 485 1324 537 apud
1345 484 1600 525 Kuehnerum
1616 486 1658 525 II

239 552 265 604 ξ
287 554 379 605 489,
402 553 439 592 2.
491 551 633 602 Itsque
660 550 789 591 facere
814 563 896 590 non
921 562 1101 601 possum,
1137 549 1235 601 quin
1260 550 1330 589 ἅτε
1356 550 1434 589 hoc
1461 550 1549 589 loco
1578 563 1655 590 aco.

239 621 366 660 nostr.
383 617 483 670 plur.
500 615 745 669 pronominis
767 614 859 656 ὅστε
880 627 966 655 esse
987 614 1180 655 statuam:
1204 613 1356 654 ‘amieis
1379 614 1523 666 verbis,
1546 627 1658 666 qua-

238 685 309 724 lia
333 679 420 722 fito!
452 681 501 721 of.
528 680 645 721 Hom.
666 684 705 720 A
729 681 806 720 779
834 679 962 727 ξείνιά
987 678 1021 718 τ’
1054 675 1102 719 εὖ
1127 678 1359 730 παρέθηκεν
1384 680 1413 719 ἅ
1438 693 1482 719 τε
1510 678 1659 727 ξείνοις

237 746 358 800 θέμις
385 745 496 787 ἐστίν
521 744 729 798 (nimirum
754 742 1028 796 παραθεῖναι).
1072 742 1174 783 'rum
1200 756 1294 782 vero
1321 743 1486 783 verbum
1514 744 1659 783 δεῖπνα

238 824 320 852 non
344 812 480 863 potest
513 824 599 850 esse
626 810 789 849 rectum.
843 808 982 859 Neque
1015 808 1147 859 placet
1173 809 1338 848 verbum
1370 807 1658 859 ἐπαγγέλλοντι

243 875 347 929 quod
374 875 478 928 apud
503 873 720 914 Pindarum
746 871 848 920 ἅπαξ
878 871 1092 923 εἰρημένον
1118 874 1225 911 esset
1252 884 1341 910 cum
1368 873 1489 911 verba
1515 872 1658 922 ‹tyria-

236 944 324 980 λειν
344 943 407 979 ter
428 942 469 978 et
489 938 656 988 ἀγγελία
678 937 805 977 decies
826 940 1018 988 usurpata
1039 936 1131 977 sint.
1159 936 1208 976 In
1228 936 1521 988 praepositione
1538 937 1587 977 ἐκ
1603 959 1658 966 -

237 1003 419 1055 suspicor
444 1002 569 1041 latere
596 1024 643 1030 —
667 1013 709 1048 ες
736 1004 777 1041 et
802 1001 972 1041 fortasse
999 1014 1154 1042 mecum
1181 1002 1347 1040 verbum
1373 1002 1517 1052 ἄνδρες
1544 1002 1658 1041 resti·
1729 1004 1731 1006 ’

235 1071 338 1108 tues.
380 1066 610 1119 Legendum
637 1066 763 1119 igitur
789 1069 906 1118 puto:
938 1067 1087 1118 φιλίων
1115 1064 1152 1106 δ’
1185 1064 1314 1106 ἐπέων
1337 1066 1481 1118 ἄρχετο
1509 1065 1657 1114 ξείνοις

234 1130 297 1171 ἅτ’
328 1131 591 1171 ἐλθόντεσσιν
617 1130 823 1182 εὐεργέται
849 1131 994 1181 ἄνδρες
1019 1129 1255 1181 ἀγγέλλοντι
1275 1137 1447 1181 πρῶτον.
1488 1131 1654 1170 ‘Amicis

235 1196 369 1237 verbis
396 1194 625 1236 ordiebatur
652 1195 784 1248 qualia
809 1194 1036 1247 hospitibus
1058 1194 1363 1235 adventantibus
1385 1195 1461 1234 viri
1488 1195 1655 1235 benefici

235 1261 424 1301 nuntiant
449 1260 647 1312 primum?
685 1259 895 1312 εὐεργέτης
927 1260 1029 1311 ἀνὴρ
1056 1260 1249 1300 Pindarus
1277 1260 1399 1299 etiam
1431 1262 1476 1299 Ο.
1505 1259 1547 1299 II
1579 1261 1656 1300 104

237 1324 352 1364 dixit.
405 1323 579 1364 Mettum
604 1337 686 1364 non
713 1324 895 1374 laeditur,
923 1324 969 1363 cf.
997 1337 1058 1363 vv.
1086 1323 1151 1375 54,
1180 1325 1268 1363 108.
1299 1323 1387 1363 145.

346 1389 406 1429 De
434 1389 633 1441 particula
659 1390 727 1429 ἅτε
754 1389 794 1428 in
823 1389 922 1429 locis
946 1391 985 1429 P.
1008 1388 1049 1428 II
1072 1389 1135 1429 84.
1160 1389 1221 1429 79.
1259 1388 1297 1429 J.
1322 1388 1381 1428 VI
1401 1388 1467 1429 51.
1502 1388 1551 1428 fr.
1576 1387 1654 1428 145

233 1452 352 1507 (109)
379 1453 512 1493 videas
540 1453 644 1493 infra
671 1452 777 1506 (pag.
805 1452 996 1506 36—37).

863 1593 939 1632 VI.
969 1591 1031 1632 Ἤ

343 1682 378 1720 1.
414 1679 582 1719 Ponitur
616 1679 813 1731 particula.
847 1680 873 1730 ἤ
908 1679 1175 1731 comparativa
1209 1682 1303 1731 post
1338 1680 1655 1731 comparativum

235 1743 391 1795 saepius
430 1744 556 1795 nude,
595 1744 716 1784 semel
753 1744 951 1795 particula
989 1744 1045 1790 ὡς
1083 1744 1232 1783 addita:
1274 1746 1318 1782 O.
1345 1743 1445 1783 XIII
1470 1745 1548 1783 112
1586 1743 1655 1783 καὶ

233 1813 367 1849 πᾶσαν
399 1808 498 1849 κατὰ
535 1806 690 1849 Ἑλλάδ’
722 1808 904 1860 εὑρήσεις
938 1807 1115 1861 ἐρευνῶν
1149 1806 1321 1859 μάσσον’
1360 1808 1386 1861 ἢ
1414 1808 1469 1855 ὡς
1505 1807 1653 1860 ἰδέμεν.

234 1873 281 1912 cf.
308 1885 347 1924 p.
370 1873 432 1913 57.
487 1872 665 1912 Verbum
693 1874 798 1924 quod
824 1873 1015 1912 traditum
1043 1875 1105 1912 est
1133 1872 1271 1922 ἰδέμεν
1294 1874 1359 1912 vix
1385 1876 1524 1924 aptum
1551 1874 1655 1912 vide-

234 1939 309 1977 tur.
365 1932 472 1977 Nam
508 1936 723 1980 Pindarum
758 1936 921 1977 dixisse:
955 1936 1039 1989 ‘per
1071 1939 1200 1977 totam
1235 1936 1443 1978 Graeciam
1478 1937 1653 1977 invenies

233 2000 428 2051 ampliora
461 2014 580 2051 quam
614 2015 714 2051 quae
747 2001 877 2040 videre
910 2001 1055 2052 possis'
1082 2015 1284 2052 nunquam
1316 2005 1362 2041 ut
1395 2003 1553 2042 credam
1590 2002 1654 2041 ad-

233 2064 364 2105 ducar.
419 2063 462 2105 Si
495 2065 653 2106 invenio
686 2064 800 2106 video
836 2076 1002 2117 quoque.
1063 2065 1230 2106 Accedit
1262 2066 1368 2117 quod
1401 2066 1566 2106 verbum
1598 2065 1654 2105 vi·

233 2129 349 2169 dendi
383 2131 430 2170 de
458 2130 636 2170 victoriis
663 2130 706 2169 in
742 2131 1024 2170 certaminibus
1057 2131 1270 2183 reportatis
1303 2144 1385 2171 non
1417 2134 1509 2182 apte
1542 2145 1654 2171 usur-

231 2196 360 2247 patur.
389 2193 540 2236 Christi
561 2195 686 2249 igitur
708 2196 935 2236 coniectura
956 2196 1089 2247 διίμεν
1110 2195 1291 2248 accipias.
1302 2195 1333 2249 ¹)
1357 2219 1410 2224 —
1432 2198 1474 2235 Ρ.
1497 2195 1556 2235 IV
1572 2196 1651 2236 209

232 2259 402 2310 δίδυμαι·
427 2261 503 2312 γὰρ
531 2261 629 2300 ἔσαν
658 2262 771 2311 ζωαί,
803 2259 1113 2301 κυλινδέσκοντό
1146 2275 1190 2301 τε
1222 2262 1506 2313 κραιπνότεραι
1534 2261 1559 2313 ἢ
1582 2264 1653 2313 βα-

232 2324 477 2375 ρυγδούπων
505 2324 667 2377 ἀνέμων
695 2327 836 2378 στίχες.
880 2327 933 2365 Ν.
962 2324 1039 2366 VII
1061 2326 1125 2365 20.
1152 2325 1200 2365 fr.
1223 2326 1274 2366 89
1299 2323 1388 2378 (59)
1418 2328 1461 2365 τί
1483 2326 1652 2366 κάλλιον

231 2381 515 2440 ἀρχομένοισιν
547 2390 573 2440 ἢ
607 2390 994 2441 καταπαυομένοισιν
1027 2390 1052 2442 ἢ
1085 2391 1326 2442 βαθύζωνόν
1358 2404 1402 2431 τε
1431 2392 1551 2431 Λατὼ
1585 2390 1652 2431 καὶ

340 2507 372 2548 1)
394 2505 649 2539 Bornemiumu's
666 2502 832 2549 (Bursian.
853 2508 936 2540 1887
952 2507 969 2539 I
989 2513 1021 2549 p.
1042 2509 1084 2540 32
1105 2507 1168 2540 No.
1188 2509 1243 2550 24)
1265 2506 1381 2550 ἰδέμεν
1397 2508 1543 2541 retinere
1566 2507 1650 2541 vult.

229 2556 350 2599 Neque
370 2569 449 2592 vero
472 2560 559 2594 ἰδεῖν
582 2559 753 2603 significat
775 2558 1003 2594 ‘ubersehen’.

294 2617 443 2652 Brsndt,
459 2620 655 2647 nis-emuna.
914 2665 918 2670 ι
1372 2620 1391 2649 2
