1911 2916
822 90 1089 130 „50-

571 196 594 229 f.
636 197 672 231 εἰ
695 207 722 229 c.
746 196 832 230 ind.
856 206 935 229 aor.
959 216 1000 221 -
1024 196 1190 229 verbum
1212 195 1340 228 deest.

263 241 280 257 ’
352 265 393 300 Ρ.
417 261 473 300 XI
495 263 545 301 41
576 264 731 314 Μοῖσα,
757 264 802 303 τὸ
831 260 876 303 δὲ
899 264 1005 315 τεόν,
1033 264 1071 303 εἰ
1091 265 1256 314 μισθοῖο
1280 260 1457 302 συνέθευ
1479 261 1668 316 παρέχειν

241 326 386 378 φωνὰν
413 325 666 380 ὑπάργυρον,
692 326 827 367 ἄλλοτ’
858 328 961 380 ἄλλᾳ
986 326 1236 378 ταρασσέμεν
1260 329 1346 366 κτλ..Δ
1391 328 1448 365 N.
1467 326 1530 366 111
1555 328 1605 368 19
1632 329 1672 367 εἰ

242 389 280 430 δ’
323 390 402 431 ἐὼν
440 393 562 439 καλὸς
598 393 729 444 ἔρδων
764 391 798 431 τ’
841 391 998 432 ἐοικότα
1038 398 1177 446 μορφᾷ
1211 390 1396 443 ἀνορέαις
1433 391 1671 444 ὑπερτάταις

243 454 367 507 ἐπέβα
395 464 490 504 παῖς
509 456 837 508 Ἀριστοφάνευς,
865 455 1000 496 οὐκέτι
1026 456 1207 508 προτέρω
1235 456 1388 507 ἀβάταν
1415 457 1493 497 ἅλα
1519 458 1671 497 κιόνων

246 518 349 572 ὑπὲρ
372 519 590 573 “Ηρακλέος
615 526 745 573 περᾶν
771 518 941 571 εὐμαρές
968 518 1041 573 (sc.
1068 519 1206 573 ἐστιν).
1261 520 1412 561 Nostra
1439 521 1578 573 lingua
1605 522 1671 561 ad-

184 615 189 620 .
249 585 389 625 damus
413 586 534 625 verba
555 585 668 625 haec:
698 584 757 624 ‘so
780 588 895 637 mogo
918 598 962 624 er
982 584 1096 626 nicht
1116 585 1342 637 vergessen'
1368 586 1432 626 vel
1454 586 1534 625 tale
1558 585 1669 637 quid3

247 648 420 689 Graecos
460 651 501 687 et
533 648 700 688 Latinos
744 648 843 687 haec
885 648 1068 687 omittere
1114 651 1155 687 et
1193 649 1332 689 statim
1371 650 1561 701 apodosin
1606 650 1671 690 ad-

242 714 406 766 iungere
433 715 574 753 notum
601 715 673 753 est.
935 768 961 807 4

355 843 455 884 Cum
471 843 710 895 particulam
727 844 765 883 εἰ
781 857 871 883 cum
887 843 1103 883 indicativo
1121 842 1288 895 perfecti
1312 842 1520 896 coniungit
1540 846 1671 896 poeta,

244 910 287 948 in
316 909 482 960 apodosi
509 909 732 948 invenimus
761 911 831 948 aut
858 909 1116 948 indicativum
1148 908 1369 960 praesentis
1401 910 1471 948 aut
1496 908 1672 960 prohibi-

246 973 385 1013 tivum.

601 1035 631 1057 a.
672 1025 709 1057 εἰ
732 1035 759 1057 c.
783 1024 864 1057 ind.
888 1025 989 1067 perf.
1012 1044 1055 1050 —
1077 1025 1157 1058 ind.
1181 1035 1313 1067 praes.

351 1091 390 1131 J.
413 1091 433 1130 I
457 1092 507 1130 41
538 1092 576 1130 εἰ
597 1089 636 1130 δ’
661 1090 784 1144 ἀρετᾷ
806 1089 1014 1131 ’ντέταταί
1037 1105 1098 1138 τις
1118 1096 1252 1131 πᾶσαν
1275 1091 1415 1143 ὀργάν,
1443 1090 1670 1143 ἀμφότερον

245 1157 445 1202 δαπάναις
472 1170 515 1195 τε
542 1154 610 1195 καὶ
637 1158 792 1206 πόνοις,
818 1158 894 1207 χρή
921 1170 990 1194 νιν
1017 1155 1279 1207 εὑρόντεσσιν
1306 1155 1487 1206 ἀγάνορα
1513 1157 1670 1207 κόμπον

243 1221 297 1271 μὴ
328 1224 573 1271 φθονεραῖσι
602 1219 742 1271 φέρειν
764 1221 951 1270 γνώμαις.
980 1219 1120 1270 ιΙιοοιιε
1143 1220 1373 1270 desperatus
1397 1223 1476 1270 est3
1504 1218 1670 1258 Ghristii

245 1284 461 1324 lectionem
489 1284 629 1336 recepi.

533 1368 567 1402 b.
608 1369 645 1401 εἰ
667 1379 693 1401 c.
717 1368 799 1402 ind.
821 1367 921 1410 perf.
946 1387 986 1392 —
1010 1368 1060 1410 μὴ
1084 1379 1111 1401 ο.
1135 1368 1225 1411 imp.
1248 1378 1378 1410 praes.

353 1435 483 1474 Huius
524 1447 682 1486 quoque
721 1437 943 1474 structurae
984 1435 1088 1486 apud
1125 1433 1341 1474 Pindarum
1379 1448 1502 1473 unum
1540 1436 1671 1474 exstat
1719 1445 1727 1454 ·

244 1501 477 1552 exemplum.
533 1500 573 1540 J.
602 1500 640 1540 V
670 1499 765 1553 (IV)
794 1501 846 1540 22
886 1501 924 1539 εἰ
962 1498 1008 1539 δὲ
1046 1498 1255 1549 τέτραπται
1293 1500 1503 1540 θεοδότων
1540 1501 1671 1551 ἔργων

242 1564 442 1604 κέλευθον
480 1565 530 1604 ἀν
565 1564 765 1615 καθαράν,
802 1565 857 1615 μὴ
894 1566 1044 1615 φθόνει
1079 1566 1235 1615 κόμπον
1269 1565 1343 1604 τὸν
1376 1562 1519 1603 ἐοικότ’
1550 1563 1671 1617 ἀοιδᾷ

243 1629 438 1680 κιρνάμεν
467 1627 557 1668 ἀντὶ
583 1630 733 1668 πόνων.

733 1745 798 1786 Π.
842 1745 906 1785 De
935 1745 1183 1795 potentiali.

352 1833 618 1873 Transeamus
646 1832 726 1872 iam
755 1833 805 1872 ad
833 1845 899 1872 eas
930 1834 1152 1872 structuras
1180 1832 1222 1872 in
1245 1832 1388 1884 quibus
1411 1831 1607 1884 particula
1635 1832 1685 1871 εἰ,

246 1911 338 1937 cum
369 1898 550 1949 optativo
579 1897 846 1949 coniungitur.

947 1974 980 2011 1.

354 2047 414 2088 Ac
442 2047 616 2099 primum
639 2047 799 2099 quidem
822 2046 1019 2099 agendum
1041 2047 1118 2086 erit
1149 2047 1196 2086 de
1220 2046 1559 2086 enuntiationibus
1582 2059 1671 2087 con-

247 2112 521 2163 dicionalibus,
549 2125 716 2163 quarum
743 2112 787 2150 in
813 2112 968 2162 protasi
994 2112 1233 2162 particulam
1261 2113 1299 2150 εἰ
1320 2111 1521 2162 optativus
1544 2111 1672 2162 sequi-

244 2180 329 2228 tur,
369 2190 459 2216 cum
493 2176 537 2215 in
563 2175 734 2227 {apodosi
774 2176 975 2227 optativus
1012 2189 1101 2215 cum
1133 2175 1329 2226 particula
1365 2174 1414 2215 κέ
1438 2175 1671 2215 coniunctus

243 2240 376 2280 locum
404 2241 561 2280 habeat.

523 2335 553 2358 a.
594 2325 631 2357 εἰ
653 2335 679 2357 c.
704 2326 784 2367 opt.
807 2334 937 2367 praes.
962 2343 1004 2349 —
1028 2326 1108 2367 opt.
1131 2333 1262 2367 praes.
1287 2334 1315 2357 c.
1338 2322 1391 2357 κέ.

359 2391 479 2431 Cuius
509 2391 702 2442 simplicis
731 2391 1039 2431 constructionis
1066 2391 1259 2430 habemus
1287 2403 1408 2429 unum
1437 2390 1671 2440 exemplum.

247 2455 360 2496 Solet
388 2455 493 2495 enim
519 2455 715 2495 Pindarus
754 2455 1001 2507 simplicibus
1034 2454 1174 2495 formis
1208 2455 1548 2496 constructionum
1581 2467 1670 2495 con-

246 2520 504 2560 dicionalium
531 2534 613 2560 non
641 2534 758 2572 saepe
786 2520 858 2572 uti,
885 2520 953 2560 sed
983 2520 1296 2560 constructiones
1324 2533 1373 2559 ex
1400 2519 1670 2571 compluribus

247 2585 483 2624 commixtas
513 2585 727 2636 adamavit,
767 2586 813 2624 de
848 2586 992 2636 quibus
1028 2599 1120 2625 mox
1153 2585 1230 2624 erit
1265 2584 1482 2624 dicendum.
1537 2584 1672 2624 Unum
