1911 2916
817 58 1075 99 -35-

238 165 278 205 J.
294 162 553 219 V11(V1)12
586 164 683 218 (τίνι
715 171 795 205 τῶν
821 165 947 217 πάρος
973 164 1143 216 μάλιστα
1168 166 1305 216 θυμὸν
1331 167 1423 206 τεὸν
1449 166 1655 218 εὔφρανας

238 229 264 280 ἢ
287 260 296 269 .
320 260 328 269 .
351 227 380 282 .)
408 228 433 281 ἢ
460 229 616 284 Δωρίδ’
646 230 835 271 ἀποικίαν
868 228 1033 270 οὕνεκεν
1066 228 1179 283 ὀρθῷ
1213 230 1378 278 ἔστασας
1411 229 1475 271 ἐπὶ
1509 235 1652 284 σφυρῷ

238 294 581 347 Λακεδαιμονίων,
603 293 701 335 ἕλον
729 289 767 333 δ’
787 290 995 344 Ἀμύκλας,
1008 293 1197 344 Αἰγεΐδαι
1225 292 1346 334 σέθεν
1373 296 1531 345 ἔκγονοι
1552 310 1652 347 μαν-

238 358 405 412 τεύμασι
443 361 641 407 Πυθίοιςς
679 356 844 399 Codices
870 357 949 398 BD
982 355 1117 401 οὕνεκ’
1146 358 1345 410 praebent
1383 360 1487 411 quod
1518 360 1653 401 Thier-

239 424 371 470 schiu's
393 425 441 465 in
451 424 625 473 ῂοῧνεκεν
647 423 828 475 mutavit,
855 436 971 475 quem
985 423 1114 464 secuti
1130 426 1224 463 sunt
1240 423 1435 476 Bergkius
1453 423 1650 466 Chi-istius

239 489 318 529 alii.
384 488 463 529 Sed
500 487 680 540 Heyn'ius
712 486 824 530 ἁνίκ’
864 486 928 540 ἄρ’
970 488 1136 529 coniecit
1178 487 1407 529 Hermanno
1449 490 1652 541 probante,

237 555 450 605 postquam
485 553 566 592 iam
594 551 816 594 Schmidius
825 551 857 606 1)
883 553 1119 605 particulam
1147 553 1408 605 temporalem
1434 554 1652 605 postulavit

239 617 414 673 scribens
446 616 572 657 &vlam
593 617 724 670 ,ὀρθῷ
763 617 877 657 hiatu
915 617 1165 657 intolerabili.
1237 617 1417 669 Utraque
1455 618 1574 658 lectio
1611 622 1654 658 et

237 680 446 734 Heyniana
472 683 515 721 et
536 680 817 721 Thierschiana
843 680 999 724 defendi
1021 683 1165 733 potest.
1208 681 1416 734 Heyniana
1436 681 1500 721 his
1524 682 1652 721 causis

236 745 416 786 fulcitur:
445 746 658 786 scholiasta
679 745 916 797 particulam
938 746 1196 797 temporalem
1212 746 1367 786 videtur
1389 747 1535 799 legisse
1559 760 1650 787 cum

237 811 442 862 explicetz.
463 810 490 862 ἢ
528 811 594 851 ὅτε
631 811 706 862 τὴν
743 811 912 863 Δωρίδα
948 817 1030 850 τῶν
1063 808 1337 862 Ἡρακλειδῶν
1369 811 1551 852 κάθοδον
1587 808 1649 852 ἐπ’

237 875 454 927 ἀσφαλοῦς.
469 880 609 926 στῆναι
636 875 945 926 παρεσκεύασας.

343 940 507 981 Accedit
528 940 645 991 quod
672 938 866 979 Pindarus
899 939 942 978 in
973 938 1064 979 hac,
1083 938 1375 979 enumeratione
1409 940 1471 980 bis
1500 944 1651 993 tempo-

236 1005 338 1044 rales
365 1004 572 1055 usurpavit
597 1003 828 1055 particulas:
857 1002 974 1043 ἁνίκα
996 1002 1071 1055 (4),
1099 1003 1164 1043 ὅτε
1192 1002 1293 1056 (10).
1340 1004 1488 1047 Tamen
1514 1005 1652 1045 malim

237 1067 443 1108 Thierschi
482 1067 747 1108 coniecturam
784 1067 952 1119 probare
992 1067 1097 1119 quod
1131 1068 1257 1107 lenior
1291 1070 1352 1108 est
1384 1071 1425 1108 et
1458 1069 1562 1120 quod
1594 1069 1651 1109 sic

236 1146 364 1172 sermo
404 1133 553 1184 optime
591 1133 777 1172 variatur.
832 1132 918 1172 Iam
956 1133 1061 1172 enim
1093 1132 1283 1173 habemus
1316 1133 1421 1174 hunc
1454 1134 1651 1173 variatum

236 1211 474 1238 sermonem:
513 1199 593 1237 τίνι
630 1203 712 1237 τῶν
749 1196 876 1248 πάρος
913 1196 1083 1248 μάλιστα
1122 1197 1342 1249 εὔφραναςς
1379 1194 1405 1249 ἧ
1442 1197 1493 1249 ῥα
1532 1196 1651 1237 ἁνίκα

235 1263 431 1312 ἄντειλας,
452 1261 477 1312 ἢ
501 1260 710 1313 δεξαμένα,
730 1261 756 1312 ἢ
779 1260 881 1312 ἀμφὶ
903 1263 1082 1312 βουλαῖς,
1103 1261 1128 1312 ἢ
1152 1261 1248 1313 ἀμφ’
1270 1261 1441 1312 Ἰόλαον,
1462 1262 1486 1313 ἢ
1509 1264 1651 1313 Σααρ-

235 1332 330 1377 τῶν,
351 1325 377 1377 ἢ
399 1326 464 1365 ὅτε
486 1326 712 1378 ἄμπεμψας,
733 1324 764 1376 ἢ
782 1325 948 1365 οὕνεκεν
970 1326 1155 1373 ἔστασας;
1184 1326 1305 1366 Vides
1327 1326 1370 1365 in
1392 1339 1471 1366 uno
1495 1333 1650 1378 quoque

234 1390 411 1430 membro
435 1392 675 1430 structuram
697 1389 902 1429 variatam.
949 1389 1057 1437 Quae
1079 1390 1246 1430 variatio
1268 1390 1401 1442 Heyni
1423 1390 1649 1431 coniectura

234 1455 398 1505 deletur,
425 1467 514 1494 cum
540 1454 621 1493 iam
649 1458 768 1506 supra
789 1453 907 1494 ἁνίκα
929 1454 1096 1507 legatur.
1142 1442 1304 1495 Acbedit
1327 1456 1431 1507 quod
1452 1455 1647 1507 particula

234 1520 311 1570 ἄρα
354 1519 487 1558 addita
530 1519 726 1570 superflua
769 1521 841 1558 est.
906 1518 1126 1559 Thierschii
1169 1520 1294 1571 igitur
1334 1520 1459 1571 probo
1499 1520 1650 1560 coniec-

234 1581 412 1637 turam.²)
789 1621 792 1623 Α

340 1649 379 1688 J.
395 1647 497 1687 VIII
515 1647 627 1700 (VH)
647 1649 708 1688 19.
752 1650 805 1687 N.
821 1648 880 1687 IV
898 1649 963 1688 20.

342 1711 471 1753 Semel
499 1712 604 1765 apud
625 1712 840 1752 Pindamm
860 1712 1056 1764 particula
1078 1712 1245 1753 οὕνεκεν
1267 1726 1384 1752 sensu
1406 1713 1648 1752 demonstra-

232 1777 315 1817 tivo
348 1779 578 1829 usurpatam
605 1777 794 1817 videmus.
850 1779 890 1818 Ρ.
906 1776 964 1817 ΙΧ
981 1777 1033 1817 93
1067 1777 1250 1828 οὕνεκεν,
1283 1779 1322 1817 εἰ
1352 1779 1470 1830 φίλος
1503 1777 1648 1829 ἀστῶν,

234 1846 275 1882 εἴ
312 1856 373 1889 τις
416 1841 590 1893 ἀντάεις,
634 1843 680 1881 τό
719 1840 756 1892 γ’
793 1840 839 1881 ἐν
882 1841 989 1895 ξυνῷ
1026 1841 1305 1893 πεπονημένον
1342 1839 1389 1882 εὖ
1428 1843 1482 1894 μὴ
1522 1845 1646 1894 λόγον

232 1907 420 1958 βλάπτων
448 1905 578 1946 ἁλίοιο
606 1905 794 1958 γέροντος
821 1904 1070 1958 κρυπτέτω.3)

894 2042 908 2055 .
944 2012 961 2028 ‘'
1014 2019 1048 2053 a*

341 2077 563 2117 Particulae
603 2078 667 2117 ὅτε
705 2012 893 2117 ‹zauszatllizsv
910 2015 1013 2129 apg}
1040 2077 1254 2117 Pindarum
1290 2078 1366 2117 duo
1400 2080 1555 2117 tantum
1584 2091 1647 2116 ex-

234 2144 343 2182 stant
365 2141 552 2193 exempla.
588 2145 632 2182 Ο.
650 2141 708 2182 ΙΧ
725 2143 786 2183 83.
822 2141 916 2182 Ρ.Π
932 2143 982 2182 27
1006 2144 1160 2194 μακρὸν
1183 2142 1257 2194 οὐχ
1278 2141 1489 2194 ὑπέμεινεν
1507 2142 1646 2193 ὄλβον,

233 2205 492 2257 μαινομέναις
518 2205 670 2259 φρασὶν
685 2205 816 2259 “Ηρας
843 2206 899 2247 ὅτ’
934 2206 1138 2259 ἐράσσατο.

342 2292 375 2333 1)
396 2292 575 2334 Πινδάρου
596 2290 763 2334 περίοδος.
787 2295 881 2326 1616.

342 2346 374 2386 2)
397 2345 540 2378 Dativos
569 2351 729 2384 πυκιναῖς
755 2347 892 2389 βουλαῖς
913 2356 981 2378 non
1004 2345 1124 2378 debuit
1145 2347 1277 2378 mutare
1298 2345 1477 2387 Bergkius.
1522 2345 1574 2378 De
1596 2346 1647 2377 in-

234 2398 366 2432 dustria
397 2400 501 2442 poeta
533 2399 622 2442 ἀμφὶ
656 2410 733 2433 cum
766 2399 880 2433 dativo
912 2399 1087 2432 coniunxit
1114 2410 1191 2432 cum
1218 2399 1380 2440 sequatur
1407 2399 1496 2442 ἀμφὶ
1524 2409 1551 2432 c.
1576 2408 1644 2433 aec.

232 2452 418 2486 Pindarum
445 2454 735 2487 enumerationem
757 2464 860 2495 quam
880 2454 1027 2487 maxime
1048 2453 1194 2486 voluisse
1216 2453 1347 2486 variare
1371 2455 1530 2497 apparet,
1558 2463 1646 2494 quae

232 2505 378 2539 variatio
400 2506 540 2550 Bergkii
562 2508 598 2540 et
618 2507 743 2548 Heynii
766 2507 969 2540 coniecturis
991 2506 1132 2541 deletur.
1178 2506 1227 2539 cf.
1244 2506 1375 2540 Kuehn.
1393 2508 1425 2540 11
1447 2511 1466 2547 ξ
1481 2510 1544 2539 449
1557 2518 1589 2549 g.

342 2562 375 2604 3)
398 2559 642 2596 Correlativum
664 2560 755 2603 quod
777 2561 896 2595 dicunt
915 2560 1059 2596 τοῦνεκα
1082 2560 1186 2594 semel
1208 2561 1385 2607 reperitur.
1431 2562 1461 2595 Ο
1477 2561 1492 2593 I
1510 2564 1561 2594 67.

1346 2617 1388 2648 3⁸
