1911 2916
812 84 1074 122 „47-

234 189 464 231 cedentibus
497 193 704 244 sequatur:
737 190 864 242 ‘ergo
899 189 1098 229 inveniat'.
1152 189 1264 236 Quod
1297 190 1416 230 etiam
1445 189 1650 230 Disaenius

235 253 363 296 senuit
383 256 573 308 vertens:
579 269 700 309 quare
721 254 790 295 ille
813 255 863 294 ad
879 254 1145 295 Acherontem
1160 254 1346 294 habitans
1362 268 1498 295 vocem
1519 268 1650 295 meam
1680 253 1686 259 “

234 319 420 361 invenito.
451 306 613 373 Neque
646 332 739 360 vero
773 319 872 359 haec
904 332 977 371 per
1011 317 1231 372 asyndeton
1263 332 1287 359 a
1317 318 1487 360 Pindaro
1521 319 1651 360 solent

236 383 423 436 exprimi.
469 385 579 431 Quae
606 397 697 424 cum
722 384 782 423 ita
809 384 909 434 sint,
948 383 1047 423 mihi
1078 384 1236 423 videtur
1268 384 1452 435 apodosis
1478 385 1649 436 incipere

235 459 263 486 a
292 449 422 488 verbis
454 455 588 495 κεῖνος
618 445 717 499 ἀμφ’
751 446 972 500 Ἀχέροντι,
1010 450 1056 487 ut
1086 448 1190 488 hanc
1227 447 1398 487 formam
1429 451 1649 488 structurae

237 511 473 552 habeamus:

472 586 509 618 εί
530 596 558 619 e.
581 585 660 619 ind.
684 595 811 628 praes.
835 586 1131 629 [parenthesis]
1149 604 1192 611 —
1217 585 1309 628 imp.
1334 596 1413 618 aor.

345 651 411 693 Sic
438 651 561 691 etiam
590 651 892 692 Gildersleevius
920 652 962 705 (L
989 653 1015 692 1.
1043 666 1080 704 p.
1106 651 1205 706 439)
1233 651 1569 692 constructionem
1595 651 1653 689 in-

235 716 399 757 tellexit.

608 779 637 802 e.
677 769 708 802 εἰ
728 779 757 802 c.
780 768 860 801 ind.
882 778 1013 811 praes,
1036 788 1077 793 —
1100 768 1182 801 ind.
1204 768 1278 802 fut.

344 833 465 874 Cuius
496 834 795 886 compositionis
827 835 932 885 apud
958 834 1173 873 Pindarum
1205 835 1404 873 invenitur
1430 835 1652 886 exemplum

235 913 369 940 unum.
424 902 464 940 P.
486 899 544 939 IX
565 899 620 939 50
647 900 687 938 εἰ
711 896 757 938 δὲ
783 899 859 951 χρὴ
886 897 953 938 καὶ
979 899 1060 951 πὰρ
1088 899 1220 950 σοφὸν
1246 897 1514 952 ἀντιφερίξαι,
1543 898 1652 951 ἐρέω.

343 964 515 1004 Restant
542 964 722 1014 exempla
748 963 833 1003 eius
860 976 955 1002 usus
982 975 1053 1015 per
1080 976 1197 1015 quem
1219 964 1382 1003 verbum
1405 964 1535 1003 omitti
1563 967 1651 1015 pot·

236 1031 309 1080 est,
337 1028 418 1068 sive
446 1028 489 1066 in
514 1027 667 1079 protasi
694 1028 776 1067 sive
804 1028 847 1067 in
874 1028 1048 1079 apodosi.

341 1092 370 1131 f.
396 1092 456 1132 Ac
478 1092 650 1142 primum
674 1091 831 1143 quidem
851 1091 1072 1131 invenimus
1100 1093 1139 1131 εἰ
1165 1105 1195 1131 c.
1218 1092 1297 1131 ind.
1319 1105 1456 1143 praes„
1480 1091 1543 1131 cui
1570 1105 1653 1131 ver-

235 1157 332 1195 bum
359 1169 439 1195 non
466 1156 687 1207 respondet.
730 1156 769 1195 J.
791 1155 853 1195 lII
878 1157 899 1195 1
928 1159 971 1195 εἴ
991 1170 1051 1202 τις
1078 1155 1241 1205 ἀνδρῶν
1262 1156 1496 1207 εὐτυχήσαις
1523 1156 1548 1206 ἣ
1576 1157 1653 1195 σὺν

235 1219 418 1268 εὐδόξοις
443 1219 607 1266 ἀέθλοις
638 1219 664 1270 ἢ
691 1218 830 1258 σθένει
861 1220 1039 1258 πλούτου
1071 1219 1226 1271 κατέχει
1260 1218 1412 1271 φρασὶν
1438 1221 1558 1269 αἰανῆ
1586 1222 1653 1259 κό-

236 1298 324 1335 ρον,
361 1283 471 1331 ἄξιος
509 1283 709 1334 εὐλογίαις
746 1283 878 1324 ἀστῶν
915 1287 1121 1335 μεμῖχθαιε
1155 1283 1344 1323 nimirum
1382 1284 1493 1332 ἄξιός
1531 1282 1652 1324 ἐστιν.

237 1347 429 1388 Similiter
457 1346 565 1387 ἐστὶν
593 1348 853 1398 supplendum
881 1350 943 1386 est
969 1347 1008 1387 J.
1026 1347 1106 1386 VII
1129 1347 1222 1398 (VI)
1243 1349 1295 1386 43
1322 1349 1371 1386 τὰ
1393 1348 1524 1398 μακροὶ
1553 1346 1589 1386 δ’
1616 1351 1659 1386 εἴ

237 1427 300 1459 τις
325 1414 553 1464 παπταίνει,
581 1414 732 1465 βραχὺς
759 1410 961 1460 ἐξικέσθαι
986 1412 1236 1464 χαλκόπεδον
1262 1416 1372 1452 θεῶν
1399 1411 1534 1464 ἕδραν.

344 1475 531 1515 Difficilis
571 1480 633 1515 est
665 1477 775 1516 locus
810 1476 970 1525 tertius,
1007 1477 1055 1515 de
1092 1490 1171 1526 quo
1209 1491 1312 1516 nunc
1346 1480 1408 1515 est
1446 1477 1651 1527 agendum

239 1540 338 1580 0.H
354 1541 406 1580 62
428 1538 516 1593 (56)
549 1541 588 1580 εἰ
613 1539 663 1579 δέ
690 1555 760 1579 νιν
786 1538 855 1593 (sc.
882 1543 1059 1580 πλοῦτον
1086 1539 1245 1592 ἀρεταῖς
1277 1539 1591 1592 δεδαιδαλμένον
1617 1555 1652 1581 v.

238 1603 309 1655 58)
338 1606 441 1656 ἔχων
466 1618 527 1651 τις
553 1601 667 1644 οἶδεν
692 1605 738 1643 τὸ
765 1603 926 1655 μέλλον,
953 1604 1016 1643 ὅτι
1036 1607 1251 1644 θανόντων
1277 1602 1351 1655 μὲν
1373 1603 1514 1643 ἐνθάδ’
1542 1602 1654 1650 αὖτις

239 1668 366 1721 (codd.
395 1667 544 1721 αὐτίκ’)
572 1668 800 1720 ἀπάλαμνοι
825 1668 971 1720 φρένες
996 1669 1140 1716 ποινὰς
1166 1670 1302 1709 ἔτισαν
1309 1699 1321 1720 ,
1348 1669 1396 1709 τὰ
1424 1667 1461 1707 δ’
1490 1668 1535 1708 έν
1556 1669 1652 1721 τᾷδε

238 1734 340 1781 Διὸς
365 1732 469 1787 ἀρχᾷ
495 1733 636 1785 ἀλιτρὰ
662 1734 761 1773 κατὰ
787 1739 861 1784 γᾶς
888 1735 1036 1781 δικάζει
1069 1748 1128 1780 τις
1164 1733 1292 1786 ἐχθρᾷ
1329 1735 1453 1784 λόγον
1480 1734 1653 1785 φράσαις

237 1798 403 1851 ἀνάγκα.
459 1797 550 1838 Sine
588 1798 672 1837 ulla
711 1797 956 1837 dubitatione
994 1798 1166 1849 protasis
1206 1800 1267 1837 est
1298 1799 1337 1837 εί
1369 1797 1417 1837 δέ
1447 1812 1514 1836 νιν
1549 1799 1653 1849 ἔχων

237 1877 299 1909 τις
325 1860 438 1902 οἶδεν
463 1864 510 1902 τὸ
537 1861 695 1913 μέλλον.
752 1863 788 1901 Α
816 1863 938 1902 verbo
965 1860 1077 1902 οἶδεν
1109 1863 1254 1914 pendet
1286 1861 1482 1902 sententia
1515 1876 1539 1901 a
1566 1876 1653 1913 par-

237 1926 361 1967 ticula
396 1926 458 1966 ὅτι
484 1926 676 1978 incipiens
713 1927 756 1966 in
784 1927 860 1966 duo
897 1927 1075 1966 membra
1111 1927 1253 1978 divisa,
1291 1940 1457 1977 quorum
1485 1926 1652 1966 alterum

237 1993 300 2031 est
324 1992 540 2031 θανόντων
566 1989 641 2042 μὲν
667 1990 812 2031 ἐνθάδ’
841 1988 954 2038 αὖτις
980 1991 1206 2044 ἀπάλαμνοι
1234 1988 1379 2043 φρένες
1404 1991 1549 2037 ποινὰς
1575 1992 1652 2030 ἔτι-

236 2065 329 2106 σαν,
360 2055 527 2095 alterum
548 2055 597 2094 τὰ
620 2054 657 2094 δ’
686 2055 732 2095 ἐν
752 2057 848 2108 τᾷδε
870 2058 975 2102 Διὸς
996 2055 1099 2108 ἀρχᾷ
1120 2069 1245 2107 usque
1268 2056 1317 2094 ad
1338 2055 1459 2095 verba
1479 2055 1653 2106 φράσαις

237 2119 402 2173 ἀνάγκᾳ.
456 2119 565 2160 Haec
592 2133 709 2160 nemo
736 2120 902 2173 negabit
929 2120 996 2160 sed
1022 2120 1104 2160 iam
1132 2120 1345 2172 quaeritur,
1382 2120 1451 2160 ubi
1479 2120 1532 2159 sit
1559 2132 1650 2173 apo-

237 2184 356 2223 dosis.
395 2183 619 2224 Schmidius
641 2187 682 2223 et
704 2184 883 2236 Heynius
906 2185 1085 2225 scribunt
1112 2186 1151 2224 εί
1171 2184 1220 2224 δέ
1237 2200 1305 2224 νιν
1332 2187 1412 2236 ἔχει
1438 2199 1511 2235 τις,
1540 2182 1653 2224 οἶδεν

235 2248 283 2288 τὸ
311 2245 470 2300 μέλλον.
525 2248 635 2296 Quae
672 2248 792 2289 lectio
832 2248 916 2289 sine
955 2248 1074 2288 dubio
1113 2248 1216 2288 falsa
1251 2250 1328 2299 est,
1365 2261 1457 2287 nam
1489 2247 1526 2287 si
1563 2248 1652 2300 quis

239 2313 331 2352 illas
358 2312 517 2352 divitias
546 2314 593 2352 de
622 2313 765 2364 quibus
802 2310 902 2352 dixit
934 2316 1053 2364 poeta
1085 2314 1207 2352 habet
1239 2314 1384 2352 idcireo
1416 2326 1499 2352 non
1532 2314 1652 2352 etiam

238 2376 333 2428 quid
350 2376 403 2416 sit
419 2375 597 2416 futurum
614 2376 714 2418 seire
731 2376 858 2417 debet.
880 2377 991 2430 Ergo
1007 2377 1104 2417 haec
1117 2389 1271 2428 quoque
1289 2375 1513 2428 explicatio,
1533 2377 1653 2416 verba
1705 2374 1707 2379 '

238 2444 281 2480 εἴ
302 2455 363 2488 τις
389 2442 491 2493 ἔχων
517 2441 622 2480 idem
650 2442 781 2482 valere
814 2456 860 2482 ac
892 2446 935 2482 εἴ
955 2456 1015 2488 τις
1047 2444 1149 2493 ἔχων
1177 2441 1305 2492 ἐστίν,
1338 2441 1402 2481 cui
1428 2441 1652 2482 Boeckhius

238 2504 358 2556 favet,
387 2505 488 2544 falsa
515 2506 586 2543 est.
641 2504 860 2544 Her-manni
891 2508 975 2544 tam
1008 2505 1105 2544 dura
1140 2517 1258 2555 quam
1293 2508 1410 2544 acuta
1441 2505 1651 2556 explicatio

237 2569 319 2609 iam
357 2582 381 2608 a
418 2568 619 2610 Boeckhio
659 2569 809 2621 optimo
847 2568 934 2609 iure
972 2563 1145 2609 refutata
1184 2571 1264 2621 est,
1301 2569 1370 2622 qui
1408 2570 1492 2621 ipse
1531 2573 1574 2610 εἴ
1606 2584 1652 2621 γε
