1911 2916
823 84 1085 124 ..25—

347 194 389 231 P.
404 189 465 230 III
484 191 560 231 106
589 192 711 244 ὄλβος
739 191 814 232 οὐκ
831 191 872 240 ἐς
887 193 1042 245 μακρὸν
1059 193 1221 245 ἀνδρῶν
1238 193 1393 245 ἔρχεται
1410 200 1490 241 σῶς
1506 191 1546 247 (Ῥ
1563 192 1663 233 coni.

238 257 464 308 Emperius‚
492 257 602 296 codd.
632 255 706 309 ὅς),
732 260 859 304 πολὺς
880 254 962 297 εὖτ’
988 258 1041 298 ἂν
1063 258 1214 309 ἕπηται.
1257 257 1304 296 fr.
1325 258 1401 296 123
1419 256 1509 310 (88)
1527 259 1551 297 8
1569 255 1656 297 ἀλλ’

238 320 316 371 ἐγὼ
345 324 446 368 θεᾶς
474 319 597 373 ἕκατι,
624 322 747 374 κηρὸς
774 322 829 369 ὣς
856 321 1022 375 δαχθεὶς
1044 322 1115 377 ἕλᾳ
1138 323 1230 375 ἱρᾶν
1252 324 1460 374 μελισσᾶν,
1480 322 1663 375 τάκομαι,

234 382 314 424 εὖτ’
362 385 414 425 ἂν
455 387 529 425 ἴδω
568 387 713 432 παιδὸς
750 389 941 436 νεόγυιον
979 387 1020 433 ἐς
1057 389 1162 437 ἥβαν
1202 386 1255 439 (si
1295 386 1579 426 Schneidewini
1621 390 1662 426 et

235 448 403 502 Bergkii
441 450 687 490 coniecturas
724 449 954 503 sequimur).

930 570 966 608 3.

345 644 523 696 Denique
555 642 635 684 εὖτ’
670 644 722 684 ἂν
750 658 782 685 c.
811 645 910 684 coni.
934 658 1015 684 aor.
1037 645 1100 684 bis
1128 648 1343 697 usurpatur
1371 646 1418 686 de
1447 660 1489 686 re
1516 645 1662 685 futura.

239 711 284 747 Ο.
301 708 360 747 VI
380 709 432 748 65

238 786 341 823 ἔνθα
369 784 412 823 οἱ
437 785 570 823 ὤπασε
597 785 811 837 θησαυρὸν
840 785 1015 836 δίδυμον

234 849 507 899 μαντοσύνας,
535 850 633 888 τόκα
660 846 736 899 μὲν
763 850 907 899 φωνὰν
934 849 1101 889 ἀκούειν

233 911 418 959 ψευδέων
446 913 676 964 ἄγνωστον,
703 909 787 952 εὖτ’
818 913 870 952 ἂν
899 911 945 953 δὲ
971 914 1287 965 θρασυμάχανος
1315 913 1450 953 ἐλθὼν

227 975 469 1028 ‘Homul-5⁹23,
498 979 648 1028 σεμνὸν
673 978 803 1024 θάλος
825 976 1060 1029 Ἀλκαϊδᾶν,
1087 978 1207 1029 πατρὶ

232 1040 377 1090 ἑορτάν
410 1056 453 1081 τε
485 1044 601 1095 κτίσῃ
634 1045 978 1094 πλειστόμβροτον
1011 1045 1163 1094 τεθμόν
1196 1057 1238 1082 τε
1266 1041 1454 1094 μέγιστον
1481 1042 1662 1094 ἀέθλων,

233 1108 366 1156 Ζηνὸς
388 1105 449 1145 ἐπ’
473 1106 679 1161 ἀκροτάτῳ
701 1109 823 1160 βωμῷ
846 1105 930 1147 τότ’
951 1104 1003 1146 αὖ
1025 1110 1270 1159 χρηστήριον
1286 1107 1439 1147 θέσθαι
1461 1107 1660 1148 κέλευσεν.

339 1192 531 1232 Videmus
555 1207 646 1233 cum
669 1207 715 1233 ea
738 1207 837 1246 quae
860 1193 1070 1234 interiecta
1093 1196 1186 1233 sunt
1209 1194 1330 1246 longa
1354 1194 1446 1245 sint,
1469 1194 1661 1245 apodosin

230 1258 440 1309 particulis
469 1257 545 1297 τότ’
581 1255 633 1297 αὖ
662 1258 845 1309 incipere,
874 1272 974 1309 quae
1003 1259 1084 1297 illis
1111 1255 1195 1297 εὖτ’
1227 1258 1278 1297 ἂν
1306 1259 1578 1310 respondeam.
1611 1281 1656 1287 —

233 1325 273 1361 P.
290 1322 349 1361 IV
369 1323 420 1362 75

232 1400 304 1438 τὸν
332 1400 612 1449 μονοκρήπιδα
639 1399 799 1445 πάντως
828 1398 873 1438 ἐν
901 1402 1064 1451 φυλακᾷ
1092 1398 1289 1450 σχεθέμεν
1317 1399 1489 1452 μεγάλᾳ,

230 1458 315 1501 εὖτ’
347 1462 399 1502 ἂν
428 1464 621 1503 αἰπεινῶν
649 1463 727 1503 ἀπὸ
756 1466 951 1515 σταθμῶν
978 1462 1018 1510 ἐς
1044 1463 1250 1503 εὐδείελον

231 1529 364 1578 χθόνα
393 1530 497 1580 μόλῃ
525 1532 680 1575 κλειτᾶς
703 1526 879 1568 Ἰωλκοῦ.

338 1613 386 1654 In
413 1616 583 1666 utroque
606 1614 787 1667 exemplo
810 1614 934 1655 habes
959 1615 1180 1655 orationem
1203 1614 1418 1667 obliquam.
1457 1613 1656 1667 Apodosis

231 1682 291 1718 est
307 1680 417 1719 infin.
431 1680 573 1719 aoristi
591 1694 615 1718 a
631 1681 752 1719 verbo
772 1680 981 1719 ἐκέλευσεν
999 1681 1081 1719 sive
1099 1694 1123 1718 a
1138 1694 1235 1719 voce
1253 1680 1457 1731 μάντευμα
1473 1681 1658 1731 pendens.

414 1852 489 1891 IV.
529 1853 659 1898 Ἐπεὶ,
688 1851 779 1891 ἐπεὶ
807 1853 1098 1904 πάμπρωτον,
1127 1852 1206 1899 ὡς,
1235 1851 1326 1891 ἐπεὶ
1353 1853 1474 1903 τάχα.

337 1937 517 1990 Agamus
545 1938 612 1977 hie
640 1938 687 1977 de
715 1938 912 1989 particula
940 1937 1026 1978 ἐπεὶ
1054 1939 1274 1989 temporali,
1301 1939 1349 1977 de
1372 1938 1521 1978 causali
1543 1938 1657 1979 infra.

230 2003 482 2055 Quamquam
511 2016 593 2043 non
621 2016 777 2055 semper
804 2002 920 2043 facile
949 2003 1057 2043 dictu
1085 2005 1157 2054 est,
1186 2003 1418 2055 temporalis
1446 2017 1499 2043 an
1521 2016 1658 2044 causa-

229 2069 280 2108 lis
310 2069 373 2108 sit.
424 2068 604 2108 Primum
633 2082 700 2108 eos
728 2069 838 2108 locos
867 2068 1040 2120 afferam,
1068 2069 1110 2108 in
1138 2069 1281 2120 quibus
1311 2067 1396 2108 ἐπεὶ
1424 2068 1509 2107 sine
1537 2069 1656 2108 dubio

227 2133 426 2184 particula
459 2133 691 2184 temporalis
726 2136 803 2185 est,
841 2133 980 2173 deinde
1013 2134 1060 2173 de
1094 2134 1224 2173 dubiis
1253 2133 1373 2173 verba
1399 2133 1556 2173 faciam.
1609 2132 1657 2173 In

228 2198 291 2237 his
321 2198 513 2249 exemplis
533 2198 612 2237 -ubi
641 2197 726 2237 ἐπεὶ
754 2199 838 2237 sine
867 2199 989 2238 dubio
1017 2198 1236 2250 temporale
1259 2200 1332 2249 est,
1358 2198 1483 2238 habes
1504 2198 1547 2237 in
1568 2212 1655 2250 pro-

228 2262 306 2301 tasi
345 2277 500 2314 semper
538 2263 654 2302 indic.
678 2276 770 2315 aon,
808 2263 850 2302 in
883 2263 1047 2314 apodosi
1080 2264 1198 2303 indic.
1215 2276 1295 2302 aor.
1318 2261 1542 2314 duodecies,
1581 2262 1658 2302 im-

225 2327 394 2379 perfecti
422 2330 573 2379 quater.

592 2445 628 2479 1.
667 2442 755 2479 ὲπεὶ
780 2454 813 2479 e.
836 2445 913 2480 ind.
937 2453 1018 2479 aor.
1042 2464 1083 2469 —
1106 2445 1185 2480 imi.
1210 2454 1291 2483 aer.

339 2523 471 2563 Semel
499 2523 640 2574 incipit
667 2524 853 2575 apodosis
882 2538 906 2564 a
933 2524 1130 2575 particula
1151 2526 1239 2565 τότε
1261 2523 1324 2577 (Ρ.
1340 2523 1401 2562 III
1419 2521 1502 2576 38),
1531 2524 1652 2563 semel

226 2589 411 2639 apodosis
451 2588 539 2640 ipsa
576 2589 721 2639 pendet
739 2587 808 2641 (N.
826 2587 846 2627 I
863 2588 943 2641 35),
984 2589 1104 2628 semel
1143 2590 1186 2628 in
1224 2588 1388 2640 apodosi
1428 2587 1544 2628 indic.
1572 2602 1654 2629 aor.
