1911 2916
812 72 1079 110 -11-

237 182 472 236 Μσεται.
525 180 612 221 Iam
639 179 934 220 construetione
959 179 1131 223 relatiua
1157 178 1378 231 interrupta
1405 181 1647 221 demonstra-

237 243 325 287 five
344 245 464 297 poeta
490 243 640 297 pergit:
667 244 717 285 τὰ
742 241 820 296 μὲν
839 241 1083 284 διεσκέδασε.
1101 242 1103 244 ’
1122 242 1245 283 Plane
1265 243 1324 283 sie
1345 244 1448 296 apud
1467 246 1653 286 nostrum

236 299 359 351 mn
381 330 428 340 -·
449 313 565 361 θῆκε.
618 308 747 360 Apud'
762 306 981 347 Homerum
1013 307 1349 359 comparationem
1382 309 1544 349 relative
1579 309 1652 349 ini·

237 375 324 414 m
350 373 645 414 construetione
671 373 826 412 mutata
851 371 1163 413 demonstrative
1190 372 1304 424 pergi
1325 374 1409 411 tam
1430 375 1568 412 notum
1588 376 1651 414 est

220 440 285 479 eut
308 438 375 479 vix
400 437 525 478 etiam
549 437 722 478 dieatur·
747 437 929 477 volebam
957 436 1079 477 etiam
1106 435 1267 476 Pindari
1293 435 1397 477 hune
1424 450 1538 477 usum
1565 451 1651 479 esse

237 502 456 544 admonere.

343 578 413 618 Bis
433 577 634 630 Pindarus
667 577 861 629 particula
893 578 1030 618 ὡσείτε
1066 591 1161 617 usus
1199 579 1270 617 est.
1332 579 1373 616 Ρ.
1395 576 1414 616 1
1437 577 1491 617 42
1523 578 1653 629 ἄνδρα

236 639 278 682 δ’
312 641 390 694 ἐγὼ
436 647 573 682 κεῖνον
617 642 780 694 αἰνῆσαι
817 648 1017 693 μενοινῶν
1061 643 1230 693 ἔλπομαι
1272 641 1327 693 μὴ
1371 641 1654 693 χαλκοπάραον

235 704 384 749 ἄκονθ’
418 704 548 747 ὡσείτ’
579 706 734 758 ἀγῶνος
760 709 902 759 βαλεῖν
922 705 996 755 ἔξω
1019 707 1182 759 παλάμᾳ
1204 705 1369 747 δονέων.
1407 705 1469 746 IV
1487 707 1561 746 111
1591 708 1660 747 τοί

235 785 293 823 με
312 801 511 811 ........
538 771 660 818 κᾶδος
687 771 824 810 ὡσείτε
851 770 1057 822 φθιμένου
1085 771 1287 822 δνοφερὸν
1322 770 1366 810 ἐν
1394 771 1551 822 δώμασι
1576 774 1656 822 θη-

236 835 403 887 κάμενοι
432 865 441 874 .
459 865 469 874 .
485 865 495 874 .
521 835 679 887 κρύβδα
704 834 861 886 πέμπον
887 838 969 875 κτλ.
1018 834 1207 874 Videmus
1234 833 1359 886 igitur
1386 835 1489 885 apud
1515 834 1657 875 Pinda-

209 928 213 932 ·
235 913 324 938 rum
350 900 486 939 ὡσείτε
515 898 744 939 adverbium
770 912 853 938 non
880 898 1197 938 coniunctionem
1227 911 1323 937 esse.
1361 897 1505 938 Differt
1525 899 1654 951 igitur

239 964 290 1005 ab
317 964 506 1016 Homero,
535 963 604 1016 qui
630 963 837 1016 particulis
865 963 920 1011 ὡς
946 967 988 1003 εἴ
1008 977 1051 1004 τε
1079 962 1286 1015 quinquies
1314 962 1478 1003 verbum
1505 963 1656 1005 addidit

236 1032 278 1068 et
304 1030 425 1068 toties
446 1029 653 1080 particulis
683 1029 737 1075 ὡς
758 1028 848 1079 el1)
876 1029 931 1075 ὡς
951 1033 993 1089 εἴ
1008 1043 1051 1068 τε
1074 1029 1159 1067 sine
1180 1028 1302 1067 verbo
1325 1028 1493 1079 legimus
1517 1028 1656 1081 sexies,

236 1092 291 1140 ὡς
317 1092 356 1132 εί
380 1090 464 1132 sine
492 1092 612 1133 verbo
642 1090 781 1132 decies.
788 1089 820 1145 ²)

342 1166 554 1207 Particulis
583 1168 637 1214 ὡς
666 1167 731 1208 ὅτε
758 1168 886 1207 utitur
911 1158 1106 1207 Pindarus
1137 1167 1355 1219 quinquies.
1404 1166 1571 1208 Locutio
1599 1167 1656 1215 ὡς

235 1231 300 1271 ὅτε
328 1232 385 1271 sie
413 1231 642 1283 explicanda
670 1234 755 1281 est„
770 1234 816 1271 ut
844 1232 893 1271 ad
921 1231 985 1271 ὅτε
1013 1245 1061 1272 ex
1088 1232 1209 1271 verbo
1237 1231 1457 1272 sententiae
1480 1232 1655 1286 regentis

235 1296 398 1337 verbum
427 1296 669 1349 suppleatur.
715 1295 828 1343 Quod
855 1299 1018 1349 apparet
1047 1311 1095 1337 ex
1122 1297 1221 1337 loeis
1248 1296 1292 1337 in
1320 1296 1463 1350 quibus
1491 1296 1656 1336 verbum

235 1361 412 1400 additum
440 1364 512 1412 est,
538 1364 585 1400 ut
610 1360 705 1401 Hes.
735 1374 789 1401 se.
816 1362 894 1402 421
924 1362 1040 1413 ἤριπε
1068 1360 1109 1401 δ’
1132 1361 1185 1408 ὡς
1212 1361 1278 1401 ὅτε
1299 1376 1359 1408 τις
1381 1362 1481 1413 δρῦς
1500 1362 1655 1413 ἤριπεν.

237 1425 361 1473 Quale
387 1425 609 1477 exemplum
638 1425 759 1465 etiam
786 1426 890 1477 apud
917 1425 1131 1466 Pindarum
1159 1426 1367 1466 habemus:
1395 1427 1453 1466 N.
1480 1424 1579 1465 VIII
1601 1426 1656 1465 40

235 1488 395 1537 αὔξεται
435 1488 473 1529 δ’
515 1489 658 1543 ἀρετά,
696 1493 868 1543 χλωραῖς
906 1490 1060 1543 ἐέρσαις
1098 1491 1154 1538 ὡς
1192 1490 1257 1530 ὅτε
1302 1489 1495 1543 δένδρεον
1529 1489 1656 1546 ᾄσσει.

237 1552 577 1607 Naegelsbaehius
600 1555 642 1594 in
669 1555 989 1595 adnotationibus
1018 1555 1068 1594 ad
1094 1554 1262 1595 Homeri
1289 1555 1454 1595 Iliadem
1483 1554 1655 1608 (3209)

237 1619 352 1659 dicit:
378 1632 451 1672 „zu
472 1618 526 1666 ὡς
552 1619 594 1658 in
622 1619 677 1666 ὡς
698 1618 764 1659 ὅτε
786 1619 841 1658 ist
858 1619 1049 1671 jedesmal
1073 1619 1137 1659 ein
1160 1618 1337 1659 Verbum
1360 1633 1408 1659 zu
1431 1619 1657 1672 erganzen‘g

238 1684 306 1723 sed
329 1683 523 1723 assentior
543 1682 821 1723 Autenriethio
843 1683 1006 1723 dicenti.
1033 1683 1099 1722 bei
1122 1684 1176 1729 ὡς
1198 1683 1276 1734 ὅτε,
1304 1683 1359 1730 ὡς
1379 1685 1419 1722 εἰ
1437 1684 1566 1723 fflhlte
1588 1683 1658 1722 der

239 1746 402 1788 Grieehe
441 1747 523 1788 dies
562 1746 772 1788 Bedurfnis
816 1748 958 1802 gewiss
998 1760 1042 1787 so
1081 1747 1211 1800 wenig
1255 1747 1313 1787 als
1353 1748 1427 1788 wir
1464 1748 1528 1787 bei
1568 1746 1656 1787 wie

235 1811 376 1851 wenn'.
377 1810 436 1863 “⁸)
493 1812 556 1853 Ad
581 1803 819 1863 partieulam
848 1813 912 1852 ὅτε
940 1813 1059 1852 verbo
1089 1813 1236 1851 omisso
1266 1813 1431 1851 verbum
1459 1812 1656 1863 suppleas,

236 1875 284 1917 ef.
310 1875 428 1917 Ηοιιι.
456 1878 480 1915 λ
507 1877 586 1928 368
615 1880 656 1917 et
685 1877 908 1919 Ameisium
935 1877 986 1916 ib.
992 1875 1025 1930 4)

343 1954 385 1991 P.
407 1923 465 1992 XI
482 1952 533 1992 39
561 1949 588 2002 ἦ
611 1951 663 2003 μέ
685 1966 747 1999 τις
773 1953 920 2004 ἄνεμος
947 1951 1021 1999 ἔξω
1048 1954 1178 1992 πλόου
1207 1953 1363 2003 ἔβαλεν,
1393 1952 1447 1998 ὡς
1474 1949 1533 1991 ὅτ’
1560 1952 1656 1991 ἄκα-

235 2030 307 2057 τον
334 2017 524 2057 είναλίαν.
574 2018 626 2056 Ν.
648 2016 707 2056 IX
737 2017 798 2076 16¹.
820 2039 875 2046 -—
895 2016 934 2057 J.
957 2015 1015 2057 VI
1042 2014 1115 2070 (V)
1148 2018 1181 2056 1.
1216 2039 1267 2045 —
1298 2015 1399 2057 Cum
1426 2015 1543 2056 initio
1571 2016 1655 2056 sine

240 2081 360 2121 dubio
390 2081 440 2120 ad
466 2081 680 2133 particulas
708 2082 763 2130 ὡς
790 2081 854 2121 ὅτε
882 2082 1044 2122 verbum
1074 2082 1336 2138 suppleretur,
1363 2083 1449 2121 tum
1477 2083 1655 2132 tempore

234 2158 447 2197 progresso
485 2145 561 2185 hoe
594 2146 776 2197 neglecto
816 2145 1032 2197 particulae
1071 2145 1126 2192 ὡς
1162 2145 1227 2186 ὅτε
1267 2158 1384 2185 sensu
1424 2144 1655 2194 ‘tamquam'

344 2305 377 2346 1)
398 2303 440 2337 cf.
463 2304 499 2339 L.
522 2304 647 2348 Lange.
671 2304 732 2338 der
752 2304 963 2339 homerisehe
986 2303 1167 2338 Gebrauoh
1190 2304 1251 2338 der
1266 2303 1420 2338 Partikel
1443 2304 1474 2336 εἰ
1494 2303 1512 2337 1
1527 2306 1590 2337 433
1610 2314 1655 2338 ss.

343 2359 378 2399 2)
401 2357 442 2392 ef.
465 2358 582 2402 Lange
603 2358 626 2393 1.
649 2358 672 2392 1.
694 2358 801 2393 1440.
824 2358 857 2392 H
874 2362 937 2393 538
955 2369 997 2392 se.

298 2441 299 2444 ,
343 2413 378 2455 3)
400 2411 442 2446 ef.
459 2411 711 2448 E'riedlaender.
734 2413 777 2446 de
799 2412 1047 2447 coniunctionis
1068 2411 1125 2446 ὅτε
1148 2413 1239 2455 apud
1259 2412 1446 2446 Homerum
1468 2411 1502 2444 vi
1523 2414 1560 2445 et
1582 2422 1656 2446 usu.

235 2463 324 2499 Dies.
346 2461 462 2510 inaug.
484 2465 593 2500 Berol.
618 2469 703 2499 1860
724 2478 757 2509 p.
777 2470 827 2500 50.

343 2521 377 2562 4)
398 2518 478 2554 Non
498 2520 600 2564 plane
621 2519 729 2565 igitur
751 2520 918 2555 assentior
939 2521 1118 2556 Kuehnero
1140 2521 1172 2555 Π
1189 2525 1263 2564 581,
1283 2524 1319 2564 1,
1353 2530 1464 2563 neque
1486 2519 1658 2563 persuasit

234 2571 321 2604 mihi
341 2572 492 2616 Langius
514 2574 536 2607 1.
559 2574 582 2607 l.
604 2574 621 2606 1
637 2578 711 2607 440.
