1911 2916
822 63 1087 101 ——13—

765 202 830 243 Π.
859 202 1020 250 Ὅπως,
1047 201 1151 242 ὅπα.

257 315 259 317 ·
319 292 550 334 Particula
583 288 853 345 comparati-va
880 287 987 335 ὅπως
1013 287 1205 328 Pindarus
1239 302 1334 327 usus
1363 292 1424 328 est
1449 290 1522 329 bis.
1565 289 1664 330 Loci

245 345 545 412 difficultatibus
573 353 681 398 vidui
708 355 802 394 sunt
822 352 882 393 hi·
912 354 956 392 Ο.
973 351 1076 392 Χ55
1098 353 1143 392 τὸ
1167 350 1212 392 δὲ
1234 350 1412 406 σαφανὲς
1432 353 1505 393 ἰὼν
1526 356 1663 405 πόρσω

243 408 508 477 κατέφρασεν,
547 420 626 459 ὅπα
657 408 732 461 τάν
763 415 954 468 πολέμοιο
993 402 1111 470 δόσιν
1144 416 1346 469 ἀκρόθινα
1380 418 1527 457 διελὼν
1564 420 1661 458 ἔθυε

242 483 310 528 καὶ
346 480 619 538 πενταετηρίδ’
656 482 764 528 ὅπως
801 482 879 533 ἄρα
922 483 1087 521 ἔστασεν
1132 480 1277 533 ἑορτὰν
1317 483 1394 521 σὺν
1428 480 1662 532 Ὀλυμπιαδι

247 537 690 604 πρῶτᾳνικαφορίαισί
712 559 765 586 τε.
794 569 845 575 -
873 545 919 586 fr.
943 546 993 586 61
1023 544 1178 600 (33),3
1180 577 1189 586 .

251 659 254 660 ⁷
350 613 489 667 Neque
522 611 642 650 etiam
673 610 909 663 particulam
941 611 1020 651 ὅπα
1054 611 1247 651 Pindarus
1287 612 1446 651 amavit.
1500 610 1662 650 Praeter

243 679 378 719 locum
407 677 488 716 iam
523 675 726 716 laudatum
753 674 818 729 (O.
840 675 884 731 X¹
899 674 969 726 56)
1004 676 1075 716 ubi
1089 675 1231 728 vprimo
1267 676 1344 716 ὅπα
1380 675 1519 716 deinde
1554 675 1662 723 ὅπως

241 741 411 794 legimus
437 740 657 780 invenimus
684 739 919 791 particulam
945 740 1024 792 ὄπα
1052 741 1189 780 semel:
1227 742 1273 780 Ο.
1294 740 1332 779 Χ
1354 741 1378 779 9
1412 746 1491 780 νῦν
1519 745 1659 792 ψᾶφον

245 802 506 856 ἑλισσομέναν
533 804 615 858 ὅπα-
637 809 744 855 κῦμα
770 804 1031 844 κατακλύσσει
1060 802 1170 855 ῥέον,
1198 804 1277 843 ὄπα
1310 818 1352 843 τε
1373 806 1513 844 κοινὸν
1535 806 1661 855 λόγον

243 871 369 920 φίλαν
395 866 557 920 τίσομεν
591 868 633 914 ἐς
663 868 791 919 χάριν.
845 867 972 907 Locus
1000 868 1172 908 immane
1201 870 1393 920 quantum
1423 868 1660 908 coniecturis

243 935 419 973 tentatus
448 935 526 983 est,
565 945 663 983 quas
696 931 853 984 quidem
885 945 966 971 non
998 931 1118 971 affero
1158 945 1247 971 eum
1274 934 1410 983 putem
1439 946 1538 983 quae
1567 935 1661 972 sunt

242 998 390 1037 tradita
417 996 565 1048 optime
587 1009 704 1047 posse
726 996 932 1048 explicari:
960 996 1103 1036 curiosi
1126 997 1268 1036 adeant
1292 996 1474 1048 inprimis
1496 996 1661 1036 Momm-

243 1060 395 1103 senium
422 1059 482 1113 (in
509 1061 680 1101 editione
709 1063 749 1101 et
775 1061 819 1100 in
840 1061 967 1113 suppl.
990 1075 1077 1101 ann.
1101 1060 1206 1101 critt.
1228 1075 1265 1113 p.
1293 1061 1369 1101 140
1388 1060 1456 1114 ss.)
1486 1064 1526 1101 et
1541 1060 1662 1114 Berg-

241 1126 365 1165 kium.
420 1125 520 1165 Cum
547 1125 774 1165 Hermanno
812 1127 1071 1177 supplendum
1107 1129 1168 1165 est
1201 1127 1367 1165 verbum
1402 1126 1510 1165 ἐστίν
1544 1140 1662 1165 sensu

241 1191 361 1242 „jetzt
387 1190 465 1243 gilt
491 1203 533 1229 es
562 1190 637 1229 den
663 1189 824 1243 Fa11“.1)
862 1189 986 1230 Poeta
1012 1204 1106 1230 usus
1135 1193 1195 1230 est
1227 1191 1521 1230 construetione
1548 1204 1661 1242 para-

242 1255 388 1295 taetiea
413 1257 460 1293 ut
495 1255 661 1306 saepius.
715 1255 762 1294 In
797 1256 974 1294 oratione
1010 1255 1142 1295 soluta
1178 1256 1374 1294 sententia
1408 1254 1569 1294 Pindari
1605 1256 1662 1294 sie

241 1319 323 1358 fere
351 1319 604 1370 exprimenda
631 1321 707 1358 est:
744 1332 850 1376 nunc
882 1319 1082 1359 videamus
1112 1319 1327 1370 quomodo,
1362 1322 1408 1358 ut
1440 1320 1546 1358 unda
1572 1333 1660 1371 pro-

241 1383 367 1423 fluens
390 1384 570 1423 devolvet
591 1383 772 1436 lapillum
794 1384 984 1436 volutum,
1011 1398 1261 1424 communem
1285 1395 1505 1424 sermonem
1527 1384 1660 1424 iucun-

242 1448 332 1487 dam
359 1448 629 1499 persolvamus
658 1449 702 1487 in
728 1449 910 1500 gratiam.
964 1448 1117 1488 Memor
1146 1449 1251 1488 enim
1286 1449 1341 1488 sis
1374 1451 1532 1499 poetam
1564 1449 1660 1488 ima-

242 1512 333 1567 gine
356 1512 584 1564 lapillorum
605 1513 1005 1553 unda-devolutorum
1026 1513 1206 1553 debitum
1232 1513 1471 1565 significare:
1492 1516 1539 1552 ut
1555 1514 1660 1553 unda

242 1577 412 1617 calculos
449 1577 621 1618 devolvit
657 1578 714 1617 sic
750 1591 907 1618 carmen
941 1577 1102 1618 Pindari
1138 1578 1315 1618 debitum
1352 1579 1479 1618 delere
1513 1581 1658 1630 potest,

240 1642 474 1694 praesertim
512 1654 601 1682 cum
638 1642 776 1683 foenus
812 1643 934 1695 capiti
967 1643 1142 1682 addatur.
1196 1642 1344 1682 Mirum
1377 1645 1438 1682 est
1467 1645 1660 1694 quantum

240 1705 284 1745 in
309 1706 386 1746 hoo
412 1707 499 1746 loeo
536 1707 643 1747 docti
679 1707 928 1759 offenderint,
964 1720 1053 1746 cum
1089 1707 1224 1746 omnia-
1261 1707 1408 1758 optime
1444 1708 1659 1758 procedant

243 1771 395 1812 simodo
423 1785 617 1812 memores
651 1786 786 1812 sumus
817 1775 977 1824 poetam
1003 1772 1243 1823 paratactice
1282 1772 1392 1824 loqui
1425 1775 1466 1812 et
1493 1772 1658 1812 verbum

243 1834 352 1875 ἐστὶν
380 1836 637 1887 supplendum
666 1850 761 1876 esse.

791 1987 880 2028 III.
913 1987 1094 2040 ἵῼσπερ.

352 2075 385 2113 1.
424 2086 514 2113 oum
553 2074 682 2114 verbo.
736 2074 776 2115 J.
804 2074 863 2114 VI
885 2072 960 2128 (V)
982 2075 1032 2114 47
1069 2075 1143 2115 τᾶν
1182 2072 1255 2127 μὲν
1293 2075 1493 2128 ἄρρηκτον
1532 2074 1656 2126 φυάν,

243 2136 376 2190 ὥσπερ
403 2139 497 2178 τόδε
526 2137 652 2190 δέρμα
679 2153 727 2190 με
754 2145 834 2179 νῦν
859 2142 1146 2192 περιπλανᾶται
1172 2141 1302 2192 θηρὸς
1330 2142 1411 2179 κτλ.

350 2203 385 2241 2.
414 2203 498 2243 sine
527 2203 657 2243 verbo.
714 2197 860 2243 0.'V11
884 2205 933 2243 77
961 2205 1055 2243 τόθι
1082 2205 1231 2257 λύτρον
1259 2209 1469 2255 συμφορᾶς
1496 2204 1656 2256 οἰκτρᾶς

241 2268 368 2317 γλυκὺ
408 2267 651 2322 Τλαπολέμῳ
682 2269 837 2311 ἵσταται
875 2271 1106 2321 Τιρυνθίων
1139 2268 1353 2322 ἀρχαγέτᾳ,
1392 2269 1523 2320 ὥσπερ
1557 2273 1658 2323 θεῷ,

243 2332 382 2382 μήλων
408 2344 451 2370 τε
472 2333 690 2373 κνισάεσσα
711 2334 848 2385 πομπὰ
869 2332 936 2373 καὶ
957 2335 1086 2383 κρίσις
1108 2330 1207 2385 ἀμφ’
1233 2332 1406 2380 ἀέθλοις.
1430 2356 1484 2361 —
1506 2336 1548 2373 P.
1565 2333 1586 2372 I
1603 2334 1654 2372 91

248 2393 344 2441 ἐξίει
372 2394 408 2435 δ’
442 2396 573 2449 ὥσπερ
601 2399 846 2450 κυβερνάτας
872 2398 973 2450 ἀνὴρ
1001 2398 1129 2438 ἱστίον
1157 2398 1336 2449 ἀνεμόεν.

350 2513 382 2556 1)
403 2514 523 2549 Paullo
546 2513 646 2548 aliter
666 2514 858 2549 Boeokhius
881 2516 978 2558 (nott.
1001 2499 1091 2549 critt.
1117 2517 1155 2549 Ο.
1178 2515 1226 2548 XI
1247 2519 1266 2549 9
1290 2527 1322 2559 p.
1342 2516 1419 2559 409)
1442 2517 1482 2549 ut
1503 2515 1572 2548 iam
1593 2514 1654 2548 Ph.

241 2565 492 2602 Melanohthon.
536 2569 587 2602 De
609 2568 758 2612 imagine
781 2569 822 2603 cf.
847 2569 1073 2603 Sehmidtium
1094 2581 1127 2612 p.
1153 2574 1224 2603 102.
