1911 2916
842 80 1109 119 —16-

263 189 317 228 34
329 202 357 228 s.
385 187 435 226 51
465 187 641 227 invenies
669 201 824 240 semper
851 188 1014 228 eandem
1042 188 1278 229 sententiam
1313 188 1356 227 in
1387 189 1472 229 vita
1507 189 1679 229 humana

264 253 397 293 omnia
418 252 526 292 fluxa
548 266 644 293 esse.
693 253 798 294 Puto
826 253 951 306 igitur
976 254 1019 293 in
1041 253 1160 294 verbo
1189 254 1384 293 ποικίλων
1410 254 1575 294 eandem
1596 266 1682 294 sen·

264 317 431 356 tentiam
460 318 583 357 latere
612 321 653 357 et
680 318 801 358 verba
827 320 1022 358 ποικίλων
1049 324 1189 370 μηνῶν
1214 317 1397 369 Mezgero
1430 317 1527 358 duce
1562 318 1683 370 expli·

266 381 392 421 canda
426 395 513 422 esse
545 381 861 434 „wechselvoller
886 381 1072 422 Monate“
1104 396 1150 423 eo
1188 396 1305 423 sensu
1340 395 1457 434 quem
1491 381 1534 421 in
1569 382 1682 424 scho-

263 445 407 484 liastae
435 447 567 486 verbis
595 447 675 485 iam
708 447 839 485 allatis
872 447 926 492 ὡς
950 449 1150 493 ποικίλαις
1176 446 1393 499 χρωμένων
1426 446 1565 498 τύχαις
1597 460 1684 486 esse

260 509 452 550 videmus.
510 510 645 549 Etiam
679 524 768 550 cum
800 509 1042 561 explicamus
1071 509 1273 563 χειμέριον
1311 512 1505 551 ποικίλων
1542 517 1685 562 μηνῶν

263 575 388 625 ζόφον
425 574 614 625 „hiberna
656 573 904 618 variabilium
948 574 1144 613 mensium
1183 574 1359 626 caligo“-
1381 574 1509 627 magis
1551 574 1685 614 tenori

261 637 469 678 Pindarico
498 638 595 678 mihi
628 638 784 677 videtur
809 638 1055 690 respondere.
1110 638 1276 679 Accedit
1308 639 1414 692 quod
1447 638 1567 680 lectio
1594 650 1685 680 ποι-

263 706 354 742 κίλα
382 703 581 742 difficilius
615 703 656 741 in
688 704 883 742 ποικίλων
915 703 1061 741 mutari
1093 703 1227 753 potuit
1260 716 1379 754 quam
1402 705 1607 744 4ποικίλων
1641 703 1685 742 in

262 768 432 807 ποικίλα.
504 765 611 807 Nam
648 766 767 807 lectio
805 768 967 807 ποικίλα
1009 765 1164 807 facilior
1206 766 1413 808 intellectu
1457 770 1519 809 est
1547 782 1684 821 quam

262 834 454 870 ποικίλων
492 845 619 881 neque
656 832 789 881 putari
824 834 958 882 potest
995 831 1205 870 lectionem
1243 831 1462 870 faciliorem
1501 834 1544 871 in
1582 833 1683 872 diffi-

264 894 439 934 ciliorem
468 908 554 935 esse
583 897 789 935 mutatam.

879 1066 928 1107 V.
969 1066 1062 1107 Ἆτε.

360 1152 449 1192 ’Ἁτε
470 1155 654 1192 neutrum
682 1153 847 1203 pluralis
875 1153 1121 1204 pronominis
1150 1153 1241 1192 ὅστε
1270 1153 1373 1205 quod
1396 1166 1469 1205 pro
1494 1153 1680 1193 adverbio

260 1231 387 1270 neque
416 1218 519 1270 apud
548 1217 764 1258 Homerum
794 1231 921 1270 neque
949 1217 1168 1258 Hesiodum
1176 1216 1206 1272 ¹)
1235 1218 1437 1259 invenitur
1465 1232 1489 1258 a
1511 1217 1682 1258 Pindaro

262 1296 378 1334 saepe
401 1286 635 1333 usurpatum
657 1283 845 1322 videmus.
873 1282 1075 1322 Particula
1097 1284 1164 1322 ἅτε
1188 1283 1457 1334 comparativa
1481 1283 1684 1334 significat

263 1346 491 1398 ‘tanquam'‚
518 1347 687 1387 causalis
716 1346 867 1386 inducit
894 1359 1052 1386 causam
1081 1347 1318 1386 obiectivam
1346 1346 1526 1399 ‘utpote’.
1573 1346 1683 1393 Quae

262 1412 570 1464 significationes
609 1412 827 1462 particulae
866 1412 933 1451 ἅτε
974 1412 1095 1451 etiam
1134 1413 1237 1463 apud
1276 1411 1491 1451 Pindarum
1534 1411 1683 1464 insunt,

262 1489 429 1528 quarum
456 1475 522 1515 hie
550 1476 818 1528 comparativa
846 1478 1003 1516 tantum
1030 1476 1204 1516 docenda
1232 1478 1311 1528 est,
1342 1489 1431 1516 cum
1459 1476 1505 1516 de
1534 1476 1682 1516 causali

260 1542 302 1581 in
330 1542 460 1594 capite
487 1541 549 1580 III
578 1544 731 1593 agatur.

366 1606 571 1645 Particula
599 1606 869 1657 comparativa
896 1606 964 1645 ἅτε
993 1619 1016 1644 a
1042 1605 1211 1645 Pindaro
1246 1619 1400 1657 semper
1428 1606 1679 1645 substantivo

262 1670 434 1722 additur3
462 1684 540 1710 uno
564 1670 611 1709 de
634 1671 721 1710 loco
752 1673 792 1709 P.
814 1669 873 1709 IV
895 1669 948 1710 30
977 1670 1079 1709 infra
1101 1670 1331 1710 videbimus.
1362 1672 1407 1711 Ο.
1424 1669 1444 1710 Ι
1466 1671 1499 1711 1.
1526 1669 1605 1709 XII
1630 1670 1682 1710 13

261 1733 325 1774 υἱὲ
351 1736 590 1786 Φιλάνορος,
616 1732 704 1785 ’ἦτοι
733 1734 800 1774 καὶ
822 1735 891 1774 τεά
913 1749 997 1785 κεν,
1026 1734 1249 1787 ἐνδομάχας
1275 1733 1335 1774 ἅτ’
1367 1733 1558 1786 ἀλέκτωρ,
1586 1745 1683 1785 συγ-

262 1802 371 1855 γόνῳ
414 1797 507 1850 παρ’
553 1798 664 1853 ἑστίᾳ
701 1798 845 1850 ἀκλεὴς
887 1800 981 1851 τιμὰ
1024 1801 1375 1852 κατεφυλλορόησε
1418 1800 1556 1843 ποδῶν
1599 1801 1682 1839 κτλ.

263 1864 494 1916 Intellegas:
522 1865 580 1903 fili
609 1865 844 1914 Philanoris‚
871 1864 1050 1915 profecto
1079 1867 1172 1903 tuus
1202 1878 1356 1916 quoque
1384 1865 1528 1915 pedum
1555 1864 1681 1903 honos

262 1928 346 1967 sine
375 1928 504 1980 gloria
526 1928 753 1968 defluxisset
775 1930 966 1980 tanquam
988 1927 1096 1967 intus
1118 1940 1301 1981 pugnans
1324 1928 1467 1981 gallus,
1493 1927 1556 1967 vel
1579 1940 1683 1968 com-

260 1994 466 2044 paratione
495 1994 787 2044 compendiaria
815 1993 972 2032 sublata
999 1996 1189 2043 tanquam
1212 1994 1343 2032 -honos
1371 1994 1480 2032 intus
1507 2005 1683 2044 pugnan-

262 2057 315 2096 tis
352 2056 461 2109 galli.
493 2079 539 2085 —
569 2059 623 2096 N.
648 2056 727 2096 VII
753 2057 831 2096 104
866 2047 990 2096 ταύτὰ
1026 2054 1072 2096 δὲ
1107 2054 1193 2109 τρὶς
1226 2056 1384 2108 τετράκι
1419 2054 1455 2097 τ’
1485 2055 1681 2108 ἀμπολεῖν

264 2121 411 2173 ἀπορία
438 2121 593 2162 τελέθει
621 2121 821 2162 τέκνοισιν
849 2122 916 2161 ἅτε
943 2121 1179 2173 μαψυλάκας
1206 2122 1307 2168 Δι’ὸς
1335 2123 1555 2173 Κόρινθος.

369 2186 557 2240 Legimus
585 2187 665 2226 iam
691 2186 928 2239 particulam
956 2186 1024 2226 ἅτε
1051 2186 1094 2226 in
1120 2186 1170 2229 fr.
1193 2187 1270 2227 241
1295 2184 1410 2240 (280)
1438 2186 1680 2226 ποτίκολλον

263 2252 331 2291 ἅτε
359 2251 480 2299 ξύλον
507 2253 616 2304 παρὰ
643 2252 759 2306 ξύλῳ.

370 2316 511 2356 Restat
538 2331 639 2357 unus
666 2318 777 2357 locus
807 2320 847 2358 Ρ,
870 2316 928 2356 IV
951 2317 1003 2356 29
1031 2318 1181 2368 φιλίων
1204 2315 1242 2356 δ’
1270 2314 1398 2356 ἐπέων
1421 2316 1574 2369 ἄρχετο,
1601 2314 1680 2362 ξει-

261 2395 351 2427 νοις
386 2380 442 2420 ἅτ’
482 2382 743 2422 ἐλθόντεσσιν
778 2381 982 2433 εὐεργέται
1019 2380 1148 2421 δεῖπν’
1188 2379 1472 2432 ἐπαγγέλλοντι
1507 2386 1679 2431 πρῶτον.

260 2445 505 2496 ‘Amicisque
539 2447 667 2486 verbis
702 2447 854 2486 orditur
881 2446 1107 2499 hospitibus
1142 2446 1338 2498 quomodo
1373 2444 1678 2485 adventantibus

370 2587 403 2628 1)
427 2584 475 2618 Cf.
499 2585 665 2618 Kuehner.
689 2586 720 2618 11
742 2589 760 2626 ς
779 2589 841 2619 506
854 2586 885 2618 d.
909 2589 983 2627 580,
1004 2589 1031 2619 1.
