1911 2916
799 57 1063 97 -19-

336 167 380 204 0.
394 163 446 204 Π
466 166 516 205 21
551 164 679 206 ἐσλῶν
707 166 785 217 γὰρ
811 165 891 205 ὑπὸ
918 165 1132 217 χαρμάτων
1166 171 1277 217 πῆμα
1302 167 1474 208 θνάσκει
1497 169 1644 217 παλίγ-

225 242 346 270 κοτον
368 230 587 282 δαμασθέν,
609 231 706 270 ὅταν
726 233 830 270 θεοῦ
851 231 990 280 Μοῖρα
1010 228 1143 282 πέμπῃ
1165 229 1307 277 ἀνεκὰς
1328 232 1451 282 ὄλβον
1472 231 1642 283 ὑψηλόν.

226 293 392 335 Retineo
419 309 509 336 cum
542 295 589 335 de
616 294 644 335 J
646 293 793 347 onghio
821 292 996 334 Clu-intio
1025 293 1114 334 aliis
1143 294 1250 334 codd.
1278 293 1393 335 BCD
1428 296 1641 336 lectionem

224 357 356 412 πέμπῃ
383 360 472 399 aliis
499 358 635 411 πέμψῃ
668 371 758 401 cum
787 358 821 397 A
856 358 1138 407 scribentibus,
1174 372 1263 398 cum
1289 372 1474 410 praesens
1510 361 1638 400 multo

226 423 362 476 aptius·
390 423 591 464 videatur:
631 421 769 462 eodem
800 423 979 475 tempore
1013 416 1187 463 moritur
1215 422 1364 463 malum
1400 436 1477 475 quo
1513 424 1639 464 fatum

224 488 457 529 felicitatem
484 487 623 527 mittit.

332 556 373 594 Ρ.
395 551 433 592 V
460 553 479 591 l
520 551 543 592 ὁ
580 554 752 599 πλοῦτος
788 551 1039 604 εὐρυσθενής
1080 551 1265 604 <ἐστιν>,
1303 552 1400 591 ὅταν
1427 566 1487 599 τις
1519 552 1640 606 ἀρετᾷ

224 615 474 670 κεκραμένον
492 619 661 668 >καθαρᾷ
686 618 897 667 βροτήσιος
923 615 1026 668 ἀνὴρ
1053 619 1210 668 πότμου
1237 617 1490 669 παραδόντος
1516 617 1640 657 αὐτὸν

225 682 353 734 ἀνάγῃ
379 680 608 732 πολύφιλον
636 679 788 720 ἑπέταν.
842 680 885 720 II
909 681 970 720 11.
996 680 1019 719 Ι
1041 681 1077 720 3.
1105 680 1146 720 11
1168 682 1231 721 86.

330 746 420 786 Duo
455 746 634 797 exempla
666 745 857 785 orationis
893 745 1077 797 obliquae
1112 748 1206 785 sunt
1238 745 1357 786 haec:
1398 748 1442 786 0.
1464 744 1565 786 XIII
1589 746 1639 786 79

224 811 399 866 ἐνυπνίῳ
436 808 472 850 δ’
506 806 717 865 ᾇτάχιστα
748 809 944 850 πιθέσθαι
975 810 1171 861 κελήσατό
1203 825 1288 860 νιν,
1325 811 1421 851 ὅταν
1454 810 1493 851 δ’
1524 812 1639 864 εὐρυ-

225 880 366 916 σθενεῖ
389 873 620 928 κραταίποδ’
651 874 803 928 αὐερύῃ
831 876 1015 928 Γαιαόχῳ
1042 873 1169 927 θέμεν
1198 876 1333 929 ἱππεία
1354 877 1492 927 βωμὸν
1513 876 1641 925 εὐθὺς

218 939 416 993 Ἀθάνᾳ.1)
453 942 507 979 Ν.
528 939 550 978 I
573 940 622 979 67
651 938 719 979 καὶ
740 940 817 991 γὰρ
839 939 936 979 ὅταν
957 938 1051 979 θεοὶ
1074 939 1119 979 έν
1140 941 1265 993 πεδίῳ
1290 940 1472 991 Φλέγρας
1493 942 1639 992 Γιγάν-

224 1014 361 1045 τεσσιν
388 1003 519 1056 μάχαν
546 1003 796 1054 ἀντιάζωσιν,
823 1002 975 1054 βελέων
1000 1003 1080 1043 ὑπὸ
1105 1003 1260 1055 ρίπατσι
1280 1006 1418 1044 κείνου
1440 1006 1640 1057 φαιδίμαν
1701 1000 1702 1003 “

223 1070 318 1121 γαίᾳ
338 1069 617 1120 πεφύρσεσθαι
638 1070 767 1119 κόμαν
788 1069 938 1108 ἔνεπεν.
974 1068 1170 1114 Quoniam
1190 1067 1361 1108 vidimus
1384 1069 1504 1108 etiam
1526 1069 1573 1108 de
1596 1083 1638 1109 re

222 1133 357 1173 futura
372 1132 587 1172 Pindarum
610 1132 903 1172 coniunctivum
919 1132 1138 1183 praesentis
1155 1145 1344 1184 usurpare
1362 1132 1425 1183 (Ο.
1441 1132 1540 1172 XIII
1557 1134 1638 1184 81),

222 1210 303 1237 non
336 1210 434 1249 opus
471 1210 561 1237 cum
588 1197 761 1249 Bergkio
777 1192 779 1194 ¹
798 1196 967 1236 scribere
1003 1196 1101 1236 ὅταν
1137 1195 1398 1247 ἀντιάξωσιν,
1436 1197 1512 1236 etei
1539 1197 1638 1237 alias

222 1261 415 1302 Pindarus
443 1261 591 1301 aoristo
614 1262 662 1301 de
684 1274 726 1300 re
747 1260 885 1301 futura
905 1274 1000 1300 usus
1023 1263 1086 1300 est
1107 1258 1175 1314 (cf.
1192 1264 1232 1300 P.
1250 1260 1349 1300 VIII
1360 1262 1424 1301 96.
1451 1260 1635 1314 211147).

222 1326 328 1367 Nam
355 1326 526 1366 Tiresias
553 1326 799 1378 ὀρθόμαντις
816 1325 902 1378 (61)
926 1326 1074 1377 optime
1097 1325 1172 1365 scit
1198 1339 1374 1378 pugnam
1394 1325 1505 1365 illam
1527 1328 1634 1366 certe

222 1385 403 1430 futuram⁴
427 1403 524 1440 esse,
552 1403 642 1429 cum
670 1393 802 1429 autem
829 1390 966 1429 eodem
993 1392 1171 1440 tempore
1200 1403 1278 1441 quo
1306 1389 1497 1441 Gigantes
1524 1404 1638 1440 proe-

221 1455 320 1494 lium
350 1454 604 1495 committunt
631 1468 767 1494 eorum
794 1467 908 1495 coma
938 1454 1099 1506 pulvere
1127 1453 1348 1505 collinatur,
1373 1466 1454 1494 non
1484 1455 1545 1494 est
1566 1467 1637 1495 cur

221 1531 409 1569 praesens
437 1521 544 1558 recte
572 1517 763 1557 traditum
797 1532 883 1558 esse
909 1531 1110 1570 negemus.
1166 1517 1469 1558 Coniunctivum
1497 1519 1637 1557 aoristi

221 1583 269 1623 de
295 1596 338 1623 re
365 1582 498 1623 futura
524 1583 732 1635 usurpavit
757 1585 893 1635 poeta,
922 1582 991 1622 ubi
1019 1582 1239 1622 sententiae
1266 1585 1326 1622 vie
1354 1580 1636 1622 condicionalis

221 1648 343 1698 inest,
369 1638 471 1688 'cum
508 1647 584 1686 hoc
622 1648 711 1686 loco
750 1647 947 1686 sententia
983 1649 1142 1686 tantum
1180 1647 1437 1697 temporalem
1476 1660 1635 1686 sensum

220 1711 380 1751 habeat:
408 1714 496 1751 tum
522 1723 612 1750 cum
638 1724 772 1763 pugna
799 1710 876 1751 erit
903 1724 1021 1762 quam
1048 1710 1224 1750 futuram
1253 1723 1337 1750 esse
1366 1712 1531 1750 constat.

732 1827 766 1860 b.
799 1826 889 1860 cum
910 1826 1014 1860 coni.
1039 1836 1119 1859 aor.

326 1895 408 1935 Ubi
434 1895 626 1935 Pindarus
658 1895 874 1946 particulas
908 1895 1004 1934 ὅταν
1039 1897 1080 1934 et
1113 1894 1263 1934 ὁπόταν
1297 1907 1386 1934 cum
1419 1894 1520 1934 coni.
1555 1908 1637 1935 aor.

220 1958 436 2009 coniunxit,
474 1959 517 1998 in
556 1959 718 2011 apodosi
756 1959 947 1998 habemus
984 1958 1047 1998 bis
1085 1958 1200 1997 indic.
1238 1971 1381 2009 praes„
1419 1958 1540 2013 semel
1578 1959 1634 1996 in-

219 2024 291 2065 dic.
319 2037 410 2076 aon,
438 2023 558 2064 semel
586 2024 721 2075 imper.
750 2037 829 2064 aor.
874 2023 953 2063 Ter
979 2023 1113 2076 agitur
1140 2023 1187 2062 de
1214 2036 1257 2063 re
1280 2036 1380 2074 quae
1407 2022 1494 2062 fieri
1521 2022 1634 2062 solet.

220 2091 261 2128 Ρ.
283 2087 382 2129 VIII
402 2089 455 2128 96
494 2086 581 2127 ἀλλ’
624 2088 721 2128 ὅταν
752 2091 871 2139 αἴγλα
904 2088 1113 2134 διόσδοτος
1145 2088 1277 2140 ἔλθῃ,
1315 2088 1500 2138 λαμπρὸν
1536 2086 1633 2137 φέγ-

218 2167 288 2203 γος
324 2154 483 2194 ἔπεστιν
518 2151 679 2205 ἀνδρῶν
717 2151 785 2192 καὶ
822 2154 997 2205 μείλιχος
1033 2153 1143 2192 αἰών.
1196 2146 1290 2191 ibid.
1318 2153 1342 2192 8
1370 2153 1418 2191 τὺ
1446 2149 1499 2201 δ’,
1538 2150 1633 2190 ὁπό-

218 2232 292 2257 ταν
337 2232 398 2265 τις
445 2217 651 2271 ἀμείλιχον
692 2218 839 2270 καρδίᾳ
881 2219 1000 2273 κότον
1029 2216 1241 2269 ἐνελάσῃ,
1289 2222 1449 2268 τραχεῖα
1487 2215 1633 2267 δυσμε-

218 2282 323 2324 νέων
362 2282 650 2332 ὑπαντιάξαισα
686 2282 822 2336 κράτει
853 2286 981 2329 τιθεῖς
1012 2281 1135 2334 ὕβριν
1162 2281 1207 2322 ἐν
1234 2282 1373 2336 ἄντλῳ.
1425 2282 1471 2321 Ο.
1492 2279 1540 2320 X.
1569 2281 1632 2321 91.

328 2445 360 2487 1)
381 2443 532 2478 Verbum
551 2443 720 2487 traditum
740 2443 873 2487 ἀναρύῃ
896 2442 986 2485 quod
1003 2441 1117 2475 sensui
1132 2452 1200 2475 non
1216 2440 1398 2483 respondet
1419 2450 1530 2482 neque
1552 2441 1632 2473 ante

218 2496 460 2539 Hippocratem
482 2498 517 2531 et
537 2496 713 2530 Cratinum
733 2496 904 2529 invenitur
925 2506 947 2528 a
967 2495 1139 2538 Boeckhio
1160 2495 1234 2528 iure
1254 2494 1293 2527 in
1314 2495 1441 2538 αὖερύῃ
1462 2496 1633 2528 mutatum

220 2551 281 2583 eet.
304 2549 437 2597 ἀναρύῃ
455 2551 635 2586 defendere
652 2550 767 2584 studet
781 2548 1022 2584 Mommsenius
1045 2549 1190 2593 (annott.
1215 2548 1304 2582 critt.
1328 2548 1437 2592 suppl.
1458 2560 1491 2591 p.
1506 2551 1567 2581 1¹13
1580 2549 1631 2590 a).

1330 2604 1376 2636 2*
