1911 2916
818 37 1081 108 „4'5-

593 227 625 260 d.
668 227 705 261 εἰ
728 239 755 261 c.
780 227 859 261 ind.
883 238 1013 271 praes.
1037 247 1080 253 —
1102 227 1192 271 imp.
1216 238 1295 262 aor

338 302 536 355 Exempla
569 308 728 345 exstant
762 307 851 345 duo.
877 308 926 345 0.
954 305 976 345 I
1008 307 1056 346 77
1097 308 1212 358 φίλια
1239 306 1350 359 δῶρα
1377 266 1562 358 Κυπρίας
1588 303 1654 356 ἄγ’

229 371 272 406 εἴ
294 382 346 418 τι,
374 370 628 421 Ποσείδαον,
662 370 703 417 ές
728 371 848 422 χάριν
874 369 1070 421 τέλλεται,
1097 369 1275 411 πέδασον
1308 371 1423 422 ἔγχος
1446 371 1657 421 Οἰνομάου

228 431 420 484 χάλκεον,
456 432 526 484 ἐμὲ
559 432 596 473 δ’
636 432 701 473 ἐπὶ
734 433 965 485 ταχυτάτων
1003 435 1206 486 πόρευσον
1247 434 1435 487 ἁρμάτων
1473 433 1515 481 ές
1544 429 1658 474 Ἆλιν

227 496 365 547 κράτει
394 495 441 536 δὲ
468 496 654 537 πέλασον.

339 561 468 601 Multo
497 561 697 601 difficilior
719 564 781 601 est
804 562 906 600 alter
928 562 1039 601 locus
1067 565 1120 601 N.
1144 562 1204 602 IV
1229 563 1279 602 79
1308 564 1347 603 εἰ
1368 561 1417 603 δέ
1435 577 1498 603 τοι
1520 562 1657 616 μάτρῳ

232 623 276 676 μ’
310 626 368 664 ἔτι
396 627 616 665 Καλλικλεῖ
640 625 816 672 κελεύεις
843 623 994 665 στάλαν
1019 624 1148 677 θέμεν
1176 629 1338 677 Παρίου
1367 629 1490 668 λίθου
1517 629 1656 667 λευκο-

229 688 367 742 τέραν·
408 690 429 730 ὁ
463 690 612 741 χρυσὸς
647 688 843 741 ἑψόμενος
879 689 1007 741 αὐγὰς
1048 689 1199 739 ἔδειξεν
1235 690 1409 743 ἁπάσας,
1448 692 1575 743 ὕμνος
1609 688 1657 731 δὲ

231 761 312 793 τῶν
346 753 514 805 ἀγαθῶν
554 753 762 806 ἐργμάτων
801 757 1037 806 βασιλεῦσιν
1076 756 1317 807 ἰσοδαίμονα
1355 756 1486 808 τεύχει
1525 762 1654 807 φῶτα·

229 823 363 864 κεῖνος
390 817 491 869 ἀμφ’
512 817 716 870 Ἀχέροντι
743 819 939 858 ναιετάων
968 818 1067 870 ἐμὰν
1095 823 1283 870 γλῶσσαν
1310 819 1460 871 εὑρέτω
1488 821 1655 870 κελαδῆ-

231 896 296 921 τιν
314 880 605 934 Ὀρσοτριαίνα,
632 879 688 922 ἵν’
715 882 760 923 ἐν
782 882 909 934 ἀγῶνι
930 884 1191 935 βαρυκτύπου
1213 884 1392 935 θάλλησε
1414 885 1656 935 Κορινθίοις

228 949 412 994 σελίνοις.
471 947 610 987 Oritur
637 947 718 986 iam
747 948 940 999 quaestio,
967 948 1070 988 unde
1098 949 1264 1000 incipiat
1292 949 1485 1000 apodosis.
1535 948 1654 988 Eras-

227 1025 315 1050 mus
356 1009 580 1051 Schmidius
626 1013 962 1051 constructionem
1006 1026 1087 1052 non
1131 1015 1236 1053 recte
1280 1012 1478 1052 intellexit
1521 1012 1654 1052 dicens
1715 1051 1719 1055 .

228 1075 616 1128 subintellegendum
640 1089 725 1116 esse
747 1077 913 1115 verbum
933 1077 1061 1126 θήσω.
1101 1076 1310 1117 Consti-uit
1329 1077 1475 1129 igitur:
1503 1077 1538 1116 si
1561 1090 1653 1116 vero

227 1153 320 1179 sane
351 1141 543 1180 avunculo
568 1155 630 1179 me
659 1141 780 1180 etiam
803 1140 959 1181 Callicli
981 1141 1095 1180 iubes
1119 1141 1343 1181 columnam
1365 1154 1511 1193 ponere
1534 1141 1652 1180 Pario

227 1203 357 1254 lapide
387 1204 653 1243 candidiorem
681 1205 888 1256 (ponam).
943 1204 1037 1244 Non
1064 1208 1198 1256 potest
1226 1205 1413 1256 dubitari,
1441 1203 1536 1255 quin
1562 1217 1652 1256 pro-

224 1267 324 1306 tasis
364 1268 406 1306 in
445 1268 577 1307 verbis
616 1269 655 1307 εἰ
688 1267 737 1308 δέ
760 1282 823 1308 τοι
862 1281 988 1320 usque
1022 1268 1072 1308 ad
1104 1269 1226 1308 verba
1258 1270 1382 1309 λύθου
1415 1267 1653 1320 λευκοτέραν

226 1334 366 1381 exstet,
395 1332 464 1370 sed
493 1332 677 1383 apodosis
693 1334 841 1371 ·utrum
868 1346 893 1371 a
920 1332 1051 1372 verbis
1080 1332 1102 1371 ὁ
1125 1334 1273 1384 χρυσὸς
1300 1331 1495 1384 ἑψόμενος
1522 1346 1573 1371 an
1602 1333 1652 1371 ab

224 1396 288 1436 his
317 1404 450 1444 κεῖνος
476 1394 575 1448 ἀμφ’
605 1394 807 1449 Ἀχέροντι
845 1397 1012 1449 incipiat
1048 1396 1153 1437 inter
1187 1396 1294 1437 viros
1331 1397 1468 1438 doctos
1501 1396 1552 1436 lis
1581 1399 1650 1437 est.

225 1461 330 1500 Huic
370 1461 626 1512 explicationi
664 1462 800 1500 favent
832 1462 1013 1512 Heynius
1053 1463 1174 1500 verba
1210 1462 1232 1501 ὁ
1271 1463 1420 1513 χρυσὸς
1444 1483 1487 1490 -
1522 1462 1653 1512 τεύχει

225 1531 340 1576 φῶτα
367 1525 410 1563 in
432 1525 561 1564 medio
590 1538 675 1564 esse
703 1524 932 1575 παρένθετα
959 1528 1116 1581 putans,
1154 1525 1380 1565 Boeckhius
1407 1525 1504 1564 haec
1531 1525 1652 1564 verba

225 1603 316 1629 cum
354 1589 676 1629 antecedentibus
711 1590 954 1641 coniungens
988 1592 1034 1628 ut
1063 1603 1181 1628 causa
1215 1590 1397 1640 addatur,
1437 1603 1506 1628 cur
1534 1588 1653 1628 Calli-

225 1649 327 1693 clem
364 1654 452 1693 cani
485 1654 599 1704 velit,
640 1652 838 1693 Christius
878 1654 1012 1693 dicens
1046 1654 1109 1693 his
1142 1653 1274 1694 verbis
1307 1667 1389 1693 rem
1424 1654 1467 1692 in
1498 1643 1651 1705 protasi

225 1718 493 1770 significatam
523 1718 758 1758 confirmari.
799 1717 875 1758 Sed
903 1718 1095 1758 dissident
1124 1717 1371 1758 Godofredus
1399 1718 1650 1758 Hermannus

226 1782 337 1835 (diss.
364 1783 521 1823 Pindar.
545 1783 605 1822 IV
633 1797 672 1834 p.
695 1781 792 1836 373)
821 1783 1046 1834 Dissenius,
1081 1783 1149 1834 qui
1186 1797 1275 1823 cum
1310 1783 1354 1822 in
1386 1796 1459 1822 sua
1493 1786 1581 1822 tum
1608 1783 1652 1822 in

223 1847 401 1887 Boeckhi
430 1848 603 1888 editione
637 1847 764 1887 multa
796 1861 923 1899 neque
956 1861 1049 1887 vero
1078 1848 1177 1887 bene
1211 1847 1286 1887 hac
1313 1848 1361 1887 de
1389 1854 1431 1887 re
1459 1847 1650 1898 disputat,

224 1911 384 1963 Mezger
412 1912 492 1951 alii.
538 1912 616 1958 Qui
639 1913 747 1952 docti
771 1925 907 1951 omnes
930 1913 1123 1963 apodosin
1150 1912 1230 1951 iam
1258 1925 1282 1950 a
1303 1912 1434 1951 verbis
1458 1911 1480 1952 ὁ
1502 1913 1652 1963 ’χρυσὸς

224 1976 400 2028 incipere
427 1977 580 2028 volunt,
607 1977 650 2016 in
678 1977 842 2029 apodosi
870 1989 1007 2017 rursus
1030 1976 1261 2017 Hermanno
1284 1976 1581 2016 antecedentem
1608 1978 1650 2015 et

225 2044 530 2092 consequentem
558 2042 797 2081 sententiam
821 2055 907 2081 esse
929 2044 1106 2093 putante.
1145 2040 1322 2087 Quorum
1343 2040 1539 2080 rationem
1562 2053 1648 2079 esse

222 2105 365 2145 falsam
388 2105 608 2146 videbimus
632 2106 667 2146 si
690 2105 747 2146 sic
770 2109 1045 2146 construemus
1068 2108 1113 2145 ut
1135 2106 1196 2145 illi
1218 2105 1388 2145 voluere.
1432 2103 1539 2144 Nam
1560 2117 1649 2156 pro-

224 2170 303 2209 tasi
337 2172 375 2209 εί
402 2169 452 2209 δέ
475 2185 538 2210 τοι
571 2185 695 2222 usque
730 2172 779 2210 ad
812 2172 935 2210 verba
969 2172 1130 2222 Παρίου
1165 2171 1289 2210 λίθου
1322 2167 1563 2219 λευκοτέραν
1590 2182 1649 2209 re-

224 2234 434 2284 spondebit
463 2237 550 2275 tum
578 2235 763 2287 apodosis
793 2249 892 2287 quae
922 2248 969 2274 ex
996 2235 1150 2274 duobus
1179 2233 1370 2273 membris
1399 2234 1583 2273 constans
1605 2233 1649 2272 in

223 2300 355 2338 soluta
378 2301 555 2340 oratione
580 2301 636 2340 sic
658 2301 739 2340 fere
763 2300 931 2352 exprimi
954 2300 1111 2340 debeat:
1134 2299 1245 2349 scito,
1266 2301 1312 2338 ut
1328 2312 1467 2338 aurum
1490 2300 1648 2338 coctum

222 2363 587 2414 splendidissimum
616 2366 693 2416 est,
728 2364 785 2403 sic
812 2364 1005 2415 hymnum
1033 2363 1256 2403 facinorum
1289 2362 1489 2414 praeclare
1517 2363 1648 2413 gesto-

221 2442 311 2468 rum
348 2428 477 2467 virum
512 2429 673 2481 regibus
711 2429 916 2481 aequalem
952 2429 1123 2468 reddere.
1179 2427 1287 2468 Haec
1324 2425 1495 2479 cogitari
1528 2440 1646 2477 posse

220 2507 301 2532 non
327 2505 444 2544 nego.
506 2492 583 2531 Sed
615 2494 695 2532 iam
728 2494 850 2532 verba
884 2493 1089 2544 sequentia
1121 2493 1206 2532 sine
1246 2493 1328 2531 ullo
1368 2504 1517 2530 conexu
1555 2505 1646 2530 cum

222 2556 546 2598 antecedentibus
576 2560 685 2610 sunt,
724 2572 813 2598 cum
842 2558 1038 2598 sententia
1072 2570 1191 2609 quam
1225 2556 1430 2596 continent
1463 2569 1509 2596 ex
1537 2559 1646 2596 ante-
