1911 2916
827 64 1095 104 -23-

798 169 830 202 d.
855 178 884 201 c.
901 168 1026 201 indic.
1048 168 1121 201 fut.

356 225 491 266 Unum
518 227 648 266 exstat
670 224 906 276 exemplum.
952 227 997 264 0.
1012 223 1054 263 11
1071 224 1123 265 33
1145 224 1336 264 traditum
1357 228 1433 265 est:
1460 221 1551 276 ἦτοι
1572 225 1670 276 βρο-

253 297 336 330 τῶν
362 304 407 341 γε
434 290 611 341 κέκριται
637 296 777 339 πεῖρας
804 288 854 328 οὔ
881 302 920 327 τι
946 288 1146 338 θανᾶτου,
1174 288 1270 327 οὐδ’
1297 288 1493 339 ἆσύχιμον
1516 288 1670 339 ἁμέραν

250 356 411 408 ὁπότε,
446 353 557 396 παῖδ’
588 354 747 404 ἀελίου,
779 351 930 404 ἀτειρεῖ
960 354 1037 393 σὺν
1069 351 1213 405 ἀγαθῷ
1247 353 1543 404 τελευτάσομεν.
1597 352 1667 393 Lis

247 421 403 461 exstitit
440 420 545 460 inter
583 419 723 459 doctos
761 418 807 458 de
846 418 1043 469 particula
1081 417 1209 457 ὁπότε.
1265 415 1375 457 Dicit
1408 420 1527 468 poeta
1554 418 1668 457 haec:

248 486 441 529 terminus
479 483 621 524 mortis
653 483 860 523 hominum
893 483 1067 523 incertus
1102 485 1174 522 est.
1233 481 1344 535 Ergo
1378 495 1485 522 mors
1519 483 1670 522 incerta

249 554 321 603 est,
348 553 390 591 et
418 548 573 601 quando
602 551 643 588 et
671 548 866 599 quomodo
894 548 1044 588 obituri
1071 548 1206 588 simus.
1257 547 1367 594 Quae
1395 547 1494 586 duae
1518 550 1670 586 senten—

246 615 327 657 tiae
361 616 403 654 et
430 612 626 665 ‘quando'
659 616 700 652 et
735 612 969 664 ‘quomodo'
1001 613 1133 652 verbis
1166 613 1294 651 inesse
1327 614 1508 663 possunt.
1562 611 1669 650 Mor-

247 682 331 719 tem
355 675 548 718 incertam
570 691 654 717 esse
676 691 757 717 non
779 677 990 717 admodum
1012 677 1156 716 mirum
1179 679 1251 728 est,
1280 676 1348 716 sed
1370 675 1419 715 in
1440 676 1542 715 vita
1564 675 1668 726 ipsa

247 743 382 783 omnia
407 743 558 782 incerta
585 745 688 781 sunt.

353 807 595 848 Putamusne
645 809 804 858 poetam
853 806 998 845 dixisse
1048 805 1170 845 etiam
1211 805 1287 845 hoc
1332 819 1417 845 esse
1461 805 1667 856 incertum,

246 874 429 926 quando
467 873 627 912 tandem
665 885 787 911 unum
826 871 930 911 diem
961 871 1078 922 plane
1112 871 1325 911 iucundum
1358 873 1476 923 atque
1510 871 1668 911 felicem

245 938 444 991 peracturi
483 937 635 977 simus?
689 935 918 988 Numquam
956 938 1002 975 ut
1040 935 1196 975 credam
1235 935 1417 977 adducar.
1471 936 1664 982 Quando

245 1002 445 1055 peracturi
484 1002 606 1041 simus
645 1001 760 1040 illum
799 1001 920 1051 diem,
957 1000 1059 1040 nihil
1097 1000 1256 1040 omnino
1291 1000 1444 1041 attinet.
1499 1001 1666 1042 Accedit

246 1067 363 1119 quod,
392 1066 426 1105 si
449 1065 652 1118 quaeritur
675 1064 871 1117 ‘quando'
895 1065 978 1104 sine
1001 1065 1120 1105 dubio
1142 1065 1434 1116 praeiudicatur
1454 1079 1528 1105 nos
1551 1066 1667 1105 illum

247 1132 351 1171 diem
371 1133 602 1182 peracturos
625 1144 720 1170 esse.
765 1129 874 1176 Quae
897 1130 1095 1169 sententia
1117 1144 1141 1169 a
1162 1132 1281 1181 poeta
1304 1130 1432 1170 aliena
1449 1133 1525 1170 est:
1548 1131 1666 1181 plane

247 1195 489 1237 contrarium
517 1195 603 1234 vult
636 1194 777 1234 dicere.
832 1193 935 1234 Sunt
962 1193 1067 1234 enim
1094 1194 1137 1233 in
1164 1194 1247 1234 vita
1274 1195 1506 1234 mortalium
1534 1195 1668 1234 omnia

244 1261 412 1313 incerta3
450 1272 545 1312 ergo
580 1262 701 1312 poeta
733 1260 850 1299 debet
882 1272 1062 1311 pergere:
1101 1260 1223 1299 etiam
1256 1260 1331 1299 hoc
1365 1260 1560 1300 incertum
1594 1263 1668 1313 est,

246 1340 353 1366 num
390 1325 544 1376 quando
573 1325 696 1364 talem
724 1324 828 1364 diem
855 1326 1055 1376 peracturi
1084 1325 1217 1365 simus.
1273 1323 1399 1371 Quam
1427 1325 1668 1364 sententiam

247 1390 399 1443 optimo
426 1389 511 1429 iure
534 1389 758 1430 Boeckhius
780 1389 998 1441 postulavit
1020 1393 1153 1430 εἴποτε
1177 1393 1418 1441 exspectans.
1467 1389 1543 1429 Sed
1566 1404 1667 1442 quae

243 1456 325 1496 iam
352 1455 461 1495 addit
486 1468 567 1495 non
594 1455 730 1506 probo,
757 1457 919 1507 poetam
946 1455 1050 1503 enim
1074 1454 1244 1495 voluisse
1273 1455 1394 1494 etiam
1417 1455 1464 1494 de
1487 1458 1666 1507 tempore

243 1521 388 1560 dicere:
425 1519 620 1559 incertum
658 1522 719 1559 est
751 1520 907 1571 quando
941 1520 1090 1559 obituri
1125 1520 1265 1571 simus,
1305 1520 1425 1559 simul
1457 1523 1593 1560 tamen
1625 1521 1668 1560 id

243 1584 499 1625 admiscuisse
526 1598 579 1624 an
604 1586 691 1623 tum
718 1585 874 1636 quando
904 1584 1052 1624 obituri
1074 1584 1210 1636 simus,
1237 1585 1396 1637 integra
1417 1584 1590 1624 affutura
1612 1585 1668 1624 sit

239 1649 420 1690 felicitas.
474 1649 535 1689 De
562 1652 692 1689 morte
720 1649 881 1689 omnino
908 1663 989 1689 non
1016 1650 1097 1689 iam
1131 1663 1259 1689 sermo
1294 1653 1374 1702 est,
1407 1649 1529 1689 verba
1564 1650 1667 1689 nihil

241 1714 376 1754 dicunt
412 1714 491 1753 nisi
520 1713 662 1753 ‘unum
700 1714 805 1753 diem
842 1714 959 1765 plane
992 1714 1149 1754 felicem
1176 1727 1376 1766 peragere
1384 1714 1410 1754 ’.
1462 1714 1518 1753 Et
1546 1717 1666 1766 putat

241 1781 360 1831 poeta
385 1779 501 1830 plane
529 1778 723 1818 incertum
751 1791 848 1829 esse,
874 1792 981 1818 num
1010 1779 1166 1829 quando
1196 1778 1270 1818 hoc
1298 1779 1415 1818 nobis
1447 1779 1664 1831 contingat.

240 1843 351 1884 Duas
373 1843 497 1896 igitur
519 1843 712 1883 habemus
734 1843 953 1883 sententias
977 1843 1019 1883 in
1042 1843 1202 1883 Pindari
1218 1844 1348 1884 verbis
1374 1841 1452 1897 (vv.
1470 1843 1666 1897 33-36);

242 1908 427 1961 primam:
465 1921 572 1948 mors
605 1908 834 1949 mortalium
865 1908 1017 1949 incerta
1049 1911 1127 1961 est3
1166 1909 1348 1948 alteram:
1388 1911 1507 1961 atque
1543 1910 1666 1949 etiam

238 1974 316 2016 hoc
347 1974 542 2013 incertum
574 1976 651 2024 est,
682 1987 778 2013 num
811 1973 952 2025 (donec
984 1974 1069 2014 vita
1100 1974 1286 2026 fruimur)
1320 1974 1424 2014 diem
1459 1975 1665 2025 peracturi

240 2039 375 2089 simus,
403 2038 470 2089 qui
496 2037 613 2089 plane
640 2037 796 2077 faustus
824 2038 958 2078 vocari
983 2039 1126 2089 possit.

350 2101 424 2142 cui
452 2102 669 2141 sententiae
698 2116 788 2141 cum
814 2102 1050 2153 particulam
1078 2103 1266 2142 traditam
1294 2102 1413 2143 ὁπότε
1440 2116 1520 2142 non
1548 2103 1664 2143 satis-

239 2166 370 2207 facere
391 2168 590 2218 appareat,
611 2165 910 2206 Boeckhianum
923 2170 1057 2207 εἴποτε
1075 2180 1167 2207 vero
1184 2167 1347 2219 propius
1365 2167 1515 2207 accedit
1532 2180 1662 2219 neque

239 2233 376 2270 tamen
412 2244 550 2271 verum
583 2234 660 2282 est,
697 2244 786 2270 cum
819 2232 862 2270 in
894 2234 1066 2271 metrum
1092 2235 1243 2283 peccet,
1283 2233 1427 2283 quippe
1456 2232 1562 2283 quod
1590 2233 1664 2272 tri-

241 2294 420 2347 brachyn
446 2297 596 2347 poscat.
652 2295 867 2347 Proposuit
894 2298 1028 2335 autem
1051 2295 1336 2335 Herwerdenus
1363 2297 1514 2348 πότερα
1543 2310 1662 2348 quam

239 2360 489 2413 ingeniosam
515 2364 557 2401 et
583 2361 713 2402 lenem
740 2361 1006 2401 coniecturam
1029 2360 1227 2403 Christius
1254 2361 1338 2401 iure
1366 2361 1528 2414 recepit.
1574 2361 1659 2402 Iam

241 2423 455 2464 difficultas
505 2424 664 2464 sublata
712 2428 776 2464 est
813 2439 948 2477 neque
997 2426 1120 2465 debeo
1164 2439 1410 2477 enumerare,
1458 2427 1658 2477 quomodo

240 2487 533 2543 Thierschius1)
571 2488 778 2530 Dissenius
817 2489 1067 2531 Hermannus
1075 2488 1107 2544 ⁹)
1145 2489 1304 2544 Mezger
1342 2490 1576 2532 Karstem‘us
1614 2491 1663 2531 de

350 2575 382 2615 1)
404 2574 479 2607 Act.
497 2573 591 2616 phil..
609 2573 740 2606 Monac.
758 2574 774 2605 I
792 2577 822 2615 2,
841 2577 914 2607 20⁷.
1059 2577 1091 2616 2)
1113 2575 1168 2608 Ad
1187 2574 1305 2617 Viget.
1328 2587 1361 2617 p.
1380 2578 1453 2610 918.
