1911 2916
830 51 1099 90 „42-

247 157 449 198 difficilius
477 157 630 197 factum
657 160 720 198 est
749 172 867 210 quam
896 161 1023 199 antea.
1078 158 1178 205 Quid
1208 159 1314 199 enim
1348 160 1575 211 significant
1601 159 1675 200 illa

249 222 309 261 ‘ut
337 235 425 261 cum
455 224 634 262 torrente
663 223 797 263 ebrius
826 223 1044 263 aestuem'?
1098 223 1254 263 Laudat
1282 222 1439 275 quidem
1466 223 1674 265 Disaenius

246 287 512 327 Anacreontis
558 286 656 328 illud
670 286 701 339 1)
746 288 914 339 μεθύων
957 289 1075 341 ἔρωτι
1118 301 1245 340 neque
1289 301 1383 328 vero
1427 287 1675 342 intellegens,

247 353 443 401 quantum
470 352 632 392 intersit
658 353 764 392 inter
791 352 868 391 duo
896 352 1033 392 verba:
1065 353 1165 392 illud
1192 352 1298 392 enim
1326 351 1589 392 Anacreontis
1616 353 1676 392 in-

245 414 437 467 tellegere
453 429 676 467 possumus,
698 416 796 455 haec
818 417 896 455 σὺν
917 415 1121 470 χειμάρρῳ
1144 417 1310 466 μεθύων
1332 415 1505 456 minime.
1534 413 1675 469 Neque

245 480 361 519 video
390 481 515 519 ullam
543 479 877 519 constructionem
903 479 946 518 in
974 480 1105 518 verbis
1145 481 1195 519 ab
1223 481 1296 519 illo
1332 493 1492 519 censore
1519 480 1677 519 restitu-

249 543 314 583 tis.
374 544 499 591 Quam
531 542 845 583 emendationem
871 542 989 594 plane
1017 556 1104 582 esse
1132 543 1393 595 spernendam
1423 545 1531 597 puto.
1583 542 1676 584 Meo

246 609 403 660 iudicio,
431 610 466 648 si
495 608 582 660 quis
611 609 658 647 de
686 608 762 647 hoc
791 607 1014 659 fragmento
1042 608 1164 647 verba
1192 608 1370 657 facturus
1390 612 1467 660 ut„
1485 608 1675 661 impunis

247 676 397 723 caveat,
424 686 474 712 ne
502 673 668 712 verbnm
693 670 809 723 βάλω
827 674 977 723 nubt,
997 685 1094 712 cum
1122 670 1290 723 βάλλειν
1318 673 1362 713 in
1382 673 1476 714 ludo
1499 673 1567 725 qui
1589 672 1676 713 κότ-

246 740 367 788 ταβος
393 739 557 776 vocatur
584 750 661 775 vox
683 736 737 775 sit
759 735 1031 775 usitatissima.
1070 736 1236 788 Bergkii
1257 737 1384 788 igitur
1406 738 1673 777 coniecturam

247 804 356 854 καλῷ
382 814 462 840 non
490 801 664 851 probans
694 814 784 840 cum
814 798 990 840 Christio
1025 801 1131 852 quod
1164 803 1336 840 metrum
1372 801 1590 852 spondeum
1617 815 1676 841 re-

245 865 400 916 quirere
428 864 585 904 videtur
606 864 743 916 βάλλω
767 865 950 904 scribam.
991 864 1130 917 Neque
1152 878 1257 918 nego
1282 865 1551 905 coniecturam
1581 868 1673 905 Χει-

244 928 359 983 μάρῳ
396 928 583 983 (Χιμάρῳ
611 929 827 982 Bergkius)
867 929 1029 969 minime
1068 930 1167 969 mihi
1205 930 1370 981 placere.
1427 928 1528 970 Cum
1566 930 1673 970 enim

244 1007 390 1033 nomen
427 994 656 1046 Agathonis
694 994 1004 1033 usitatissimum
1043 994 1114 1044 sit,
1160 994 1258 1033 illud
1295 1007 1441 1034 nomen
1478 1007 1558 1034 uon
1594 994 1675 1034 nisi

246 1059 350 1111 apud
379 1059 617 1099 recentiores
625 1057 656 1111 ²)
685 1061 726 1099 et
753 1059 796 1099 in
823 1058 1149 1111 inscriptionibus
1157 1057 1190 1112 ³)
1219 1059 1426 1111 reperitur.
1469 1059 1609 1112 Itaque
1631 1059 1675 1099 in

245 1127 434 1174 corrupto
462 1125 584 1163 verbo
613 1138 845 1176 χειμαμαρφ
872 1137 1018 1162 nomen
1044 1124 1251 1175 proprium
1278 1124 1403 1163 latere
1428 1137 1549 1176 nego.
1587 1124 1675 1163 Iam

245 1191 344 1241 puto
373 1189 416 1228 in
443 1203 674 1243 χειμαμαρῳ
703 1188 879 1240 aliquam
906 1202 1044 1229 vocem
1070 1188 1194 1228 latere
1224 1202 1302 1240 qua
1330 1188 1495 1241 dicatur,
1524 1202 1603 1241 qua
1629 1203 1672 1229 re

244 1256 364 1303 poeta
393 1266 435 1292 se
463 1253 618 1292 ebrium
647 1266 732 1292 esse
761 1253 876 1291 dicat.
924 1252 968 1291 Si
995 1253 1151 1291 litteras
1180 1267 1234 1303 μα
1261 1266 1333 1303 per
1360 1253 1674 1304 dittographiam

246 1320 354 1357 ortas
383 1317 560 1357 delemus
588 1317 780 1357 habemus
810 1331 995 1372 χειμαρῳ,
1023 1317 1126 1357 unde
1149 1330 1272 1368 paene
1296 1330 1383 1357 sese
1407 1317 1522 1357 offert
1551 1315 1674 1373 ἱμέρῳ

245 1384 351 1433 quod
379 1384 459 1422 iam
497 1397 520 1421 a
546 1383 681 1422 nescio
719 1396 797 1433 quo
832 1383 1053 1421 coniectum
1088 1382 1222 1420 sensui
1252 1383 1404 1431 optime
1438 1383 1674 1432 respondere

243 1459 323 1485 non
353 1446 430 1485 erit
458 1446 527 1498 qui
553 1448 685 1498 neget,
714 1458 804 1485 cum
832 1447 952 1498 poeta
979 1444 1113 1498 paullo
1143 1447 1235 1485 ante
1263 1445 1311 1484 de
1339 1444 1481 1498 gratiis
1504 1444 1674 1486 Venere-

245 1526 360 1551 orum
389 1526 569 1551 amorum
602 1513 760 1551 locutus
789 1513 852 1550 sit.
909 1512 996 1551 Iam
1030 1515 1121 1562 apte
1160 1511 1339 1550 conferas
1377 1511 1477 1550 illud
1503 1510 1674 1550 Anacre-

245 1578 408 1615 onteum
437 1576 604 1627 μεθύων
626 1577 761 1629 ἔρωτι.
797 1575 965 1615 Accedit
988 1575 1092 1628 quod
1114 1575 1248 1628 imago
1271 1574 1475 1627 pulchrior
1502 1577 1562 1615 est
1583 1588 1674 1627 poe-

245 1644 311 1681 tae
340 1641 533 1681 desiderio
563 1641 672 1681 ebrii.
718 1640 829 1693 Ergo
857 1641 964 1680 bona
992 1639 1218 1681 coniectura
1246 1638 1368 1692 ἱμέρῳ
1399 1654 1423 1679 a
1444 1640 1571 1680 doctis
1592 1654 1674 1680 non

244 1708 331 1744 erat
359 1705 573 1755 [reicienda.
628 1705 768 1757 Neque
802 1718 895 1744 vero
928 1705 1046 1756 plura
1078 1705 1154 1744 hoc
1188 1704 1235 1743 de
1268 1704 1358 1743 loco
1395 1704 1472 1743 dici
1505 1706 1674 1755 possunt

245 1784 333 1809 cum
364 1770 485 1809 verba
511 1770 632 1809 nimis
660 1783 787 1821 pauca
815 1769 963 1809 tradita
992 1769 1083 1808 sint.

833 1886 868 1919 2.
909 1895 942 1919 c.
965 1886 1082 1928 optat.

354 1953 596 1993 Particulam
634 1955 740 2005 ὄφρα
775 1953 982 2005 coniungit
1014 1952 1208 1992 Pindarus
1241 1965 1330 1991 cum
1365 1951 1542 2004 optativo
1580 1954 1675 2003 post

245 2021 405 2070 tempus
433 2019 692 2070 praeteritum
722 2019 944 2071 quinquies.

354 2083 446 2123 RV
460 2083 513 2123 60
541 2084 563 2124 ὁ
592 2080 629 2123 δ’
655 2082 874 2135 ἀρχαγέτας
890 2081 1005 2123 ἔδωκ’
1030 2081 1237 2123 Ἀπόλλων
1257 2086 1390 2134 θῆρας
1418 2082 1519 2135 αἰνῷ
1542 2081 1673 2135 φόβῳ,

247 2149 355 2199 ὄφρα
377 2149 432 2199 μὴ
454 2150 577 2201 ταμίᾳ
600 2148 790 2200 Κυράνας
812 2148 955 2198 ἀτελὴς
976 2146 1133 2198 γένοιτο
1155 2147 1440 2199 μαντεύμασιν.
1485 2145 1524 2186 εἰ
1540 2144 1604 2185 ΙΙΙ
1622 2145 1672 2185 'll

249 2212 328 2263 (IV
352 2212 423 2266 53)
461 2215 775 2265 προσπαλαίσων
813 2210 909 2264 ἦλθ’
953 2212 1076 2264 ἀνήρ,
1115 2213 1191 2252 τὰν
1228 2213 1466 2263 πυροφόρον
1500 2211 1674 2262 Λιβύαν,

246 2280 429 2327 κρανίοις
457 2279 566 2329 ὄφρα
589 2277 715 2325 ξένων
737 2278 840 2318 ναὸν
863 2276 1150 2323 Ποσειδάωνος
1178 2275 1374 2328 ἐρέφοντα
1402 2274 1557 2328 σχέθοι,
1583 2275 1674 2321 υίὸς

358 2396 389 2435 1)
411 2394 451 2428 fr.
469 2395 563 2427 XVII
584 2396 620 2427 in
643 2395 784 2437 Bergkii
808 2394 959 2427 editione
983 2394 1064 2426 anni
1089 2397 1181 2426 1834.

359 2449 392 2490 2)
417 2447 465 2481 cf.
483 2448 600 2490 Polyb.
618 2449 727 2481 XXIX
747 2452 775 2483 1.
817 2448 958 2481 Suidam
982 2447 1045 2480 sub
1059 2446 1267 2491 Ἐπίχαρμος
1289 2447 1349 2489 qui
1371 2447 1462 2479 filius
1483 2445 1671 2478 ‘Chimari’

243 2503 350 2535 fuisse
375 2502 511 2535 dicitur.
1648 2498 1652 2502 '

356 2559 390 2599 3)
414 2556 463 2589 ef.
491 2556 584 2589 ele.
608 2557 654 2589 111
678 2560 775 2590 5769.
