1911 2916
814 75 1079 115 ...21-

241 182 465 232 iaciebant&
508 182 699 224 Similiter
714 181 936 223 Disaenius:
958 182 1019 221 ‘ut
1040 181 1300 232 splendebant
1321 183 1502 222 manibus
1525 180 1655 222 iacula

241 247 445 289 mittentes
473 260 671 301 quumque
698 246 818 288 discis
846 243 1066 286 certarent’.
1105 243 1280 291 Quorum
1306 245 1560 298 explicationi
1587 246 1655 286 ob-

241 314 323 352 stat
350 313 454 364 quod
482 311 648 352 Castora
680 313 722 350 et
748 309 904 350 Iolaum
937 309 1134 351 ‘manibus
1167 309 1386 361 splendere'
1421 310 1565 363 frigide
1598 311 1653 351 di-

241 379 394 419 ceretur
425 389 552 429 neque
589 374 799 430 quiequam
834 373 902 426 qui
929 373 1051 414 verba
1091 372 1192 426 legit
1224 372 1354 414 facere
1387 376 1521 425 potest
1555 374 1653 426 quin

238 440 376 494 χερσὶν
414 454 503 481 cum
545 439 819 488 ἀκοντίζοντες
862 438 1087 492 coniungat.
1151 437 1289 490 Neque
1334 451 1427 479 vero
1469 438 1651 492 Mezgero

240 504 424 547 assentiri
465 515 630 556 possum
679 501 936 543 scholiastam
979 504 1115 543 secuto
1159 502 1389 553 explicanti:
1430 503 1534 553 „und
1575 504 1649 542 wie

239 569 513 612 schleuderten
548 566 608 609 'sie
645 566 722 610 mit
758 566 870 608 ihren
908 566 1096 619 Handen,
1133 580 1249 607 wenn
1286 567 1345 608 sie
1383 566 1459 607 mit
1494 566 1652 607 Lanzen

238 633 387 675 warren
421 631 502 671 und
539 631 614 671 mit
641 627 865 672 steinern‘en
891 630 1261 671 Diskusacheiben.“
1316 630 1501 683 Supplex-i
1527 631 1653 683 igitur
1667 637 1680 652 ·

237 688 325 741 vultv
355 697 416 737 ἵεν
448 695 570 736 etiam
602 695 652 735 ad
686 696 807 736 verba
841 690 908 737 οἷά
940 709 982 735 τε
1015 695 1121 747 quod
1155 695 1241 735 fieri
1272 708 1390 747 posse
1422 708 1540 736 nemo
1574 708 1653 735 cre-

238 763 315 802 det.
369 750 446 801 Ter
473 760 579 800 enim
613 759 658 799 in
692 759 755 799 his
781 760 918 811 paucis
954 760 1085 800 verbis
1119 760 1323 800 notionem
1355 760 1552 800 iaculandi
1584 760 1653 800 ha-

236 822 434 867 beremus:
473 818 540 866 οἷά
566 837 608 864 τε
636 823 699 863 ἴεν
730 845 776 852 -
806 822 1076 872 ἀκοντίζοντες
1105 846 1151 853 —-
1182 823 1301 864 ὁπότε
1327 824 1400 864 ἂν.
1453 823 1654 866 Buchhol-

235 889 358 942 κίοσι)
385 903 468 931 non
494 889 594 929 bene
621 888 780 940 supplet
806 889 982 939 ἔλαμψεν
1010 887 1131 940 ἀρετά
1158 898 1314 940 σφισινε
1341 889 1462 930 immo
1489 891 1653 941 propter

234 953 524 996 nominativum
550 951 823 1002 ἀκοντίζοντες
849 953 1050 1004 supplebis
1078 947 1145 993 οἶά
1171 966 1213 993 τε
1240 954 1432 1004 ἔλαμψαν.
1480 953 1566 993 Iam
1593 953 1651 994 in-

178 1029 180 1031 ’
235 1020 455 1071 tea-protum
487 1016 557 1057 alii
590 1017 733 1069 αἰχμὰς
766 1016 887 1058 scribi
923 1017 1078 1069 volunt,
1116 1019 1162 1057 ut
1188 1016 1373 1058 Pauwius
1401 1016 1650 1070 Hartungius

236 1083 317 1134 alii,
346 1081 545 1123 Christian
573 1080 732 1133 αίχμαὶς
759 1084 800 1122 et
820 1095 913 1123 mox
940 1083 1117 1130 λιθίνοις
1143 1082 1296 1129 δίσκοις
1321 1095 1394 1133 pro
1417 1082 1650 1122 accusativis

233 1146 408 1188 Aeolicis
435 1145 574 1187 haberi
600 1145 697 1187 vult.
753 1145 925 1186 Graecos
951 1146 1127 1198 potuisse
1160 1146 1289 1186 dicere
1316 1145 1536 1194 ἀκοντίζειν
1563 1147 1649 1198 αἰχ-

234 1218 327 1264 μαῖς
353 1213 528 1253 constat:
567 1210 614 1252 cf.
642 1210 760 1252 Hom.
782 1225 807 1250 κ
830 1211 906 1252 121
936 1211 1212 1263 χερμαδίοισιν
1238 1211 1402 1262 βάλλον.
1457 1210 1651 1251 Similiter

233 1279 371 1318 noster
397 1278 451 1316 N.
466 1275 488 1314 Ι
511 1276 560 1316 18
588 1278 751 1315 πολλῶν
778 1274 925 1326 ἐπέβαν
951 1276 1094 1325 καιρὸν
1120 1276 1170 1315 οὐ
1196 1276 1338 1323 ψεύδει
1364 1276 1512 1327 βαλών.
1551 1278 1596 1315 Ο.
1613 1275 1651 1315 X

235 1342 287 1381 72
315 1341 422 1382 ἔδικε
449 1339 579 1393 πέτρῳ
608 1338 696 1393 (ubi
725 1339 923 1381 Christius
951 1353 1032 1380 non
1058 1343 1163 1380 recte
1192 1338 1394 1393 explicat),
1427 1340 1476 1381 cf.
1504 1339 1651 1380 Dissen

233 1405 284 1446 ad
310 1406 364 1445 N.
385 1404 406 1444 I
431 1402 529 1457 18.²)
586 1403 663 1443 Sed
696 1403 916 1453 ἀκοντίζειν
951 1418 1040 1445 cum
1073 1405 1226 1445 duobus
1259 1405 1404 1444 dativis
1435 1403 1574 1456 χερσὶν
1608 1407 1650 1443 et

231 1470 392 1522 αἰχμαῖς
416 1482 535 1521 posse
568 1468 755 1521 coniungi
786 1469 853 1509 vix
884 1472 1082 1520 putamus.
1136 1468 1274 1520 Neque
1307 1482 1399 1510 vero
1435 1467 1648 1509 locutionis

233 1534 388 1581 δίσκοις
416 1532 520 1573 ἰέναι
547 1536 699 1575 certum
727 1533 835 1573 aliud
860 1547 1023 1585 possum
1050 1533 1189 1575 afferre
1217 1533 1452 1585 exemplum.

339 1597 482 1639 Restat
508 1597 634 1650 igitur
660 1601 705 1637 ut
733 1598 977 1639 accusativos
1012 1611 1097 1639 esse
1125 1600 1309 1650 putemus
1337 1596 1496 1649 αίχμαὶς
1523 1600 1564 1637 et
1591 1600 1649 1638 λι-

231 1664 367 1708 θίνοις
393 1662 562 1717 dioneae:
590 1662 639 1701 cf.
669 1675 770 1713 quae
799 1661 994 1702 christine
1021 1663 1124 1703 hanc
1151 1663 1390 1702 sententiam
1416 1665 1464 1701 ut
1486 1665 1649 1701 tueatur

231 1725 337 1772 dicit.
387 1725 538 1767 Nostra
564 1725 655 1778 plus
683 1726 852 1767 interest
878 1726 982 1778 quod
1009 1726 1204 1779 sequitur;
1231 1725 1299 1766 καὶ
1325 1728 1502 1773 λιθίνοις
1527 1726 1647 1767 ὁκότε

236 1792 391 1838 δίσκοις
416 1791 495 1843 ἵεν,
522 1791 628 1842 quod
654 1794 792 1843 peccat
818 1792 861 1833 in
887 1794 1060 1833 metrum
1087 1792 1192 1843 quod
1218 1792 1295 1833 hoc
1322 1805 1407 1832 esse
1434 1791 1564 1831 debet:

729 1893 751 1899 -
766 1882 977 1900 υυυυυυ
992 1877 1146 1901 Ξ-υν.

230 1931 349 1983 Apud
375 1931 589 1971 Pindarum
625 1933 730 1972 enim
763 1934 813 1972 ad
845 1933 1067 1984 exemplum
1098 1932 1264 1973 Homeri
1295 1933 1471 1973 vocalem
1502 1946 1522 1971 ε
1556 1932 1649 1971 fina-

230 1995 310 2036 lem
337 1996 378 2036 vi
405 2009 589 2037 caesurae
617 2009 703 2037 esse
736 1997 968 2049 productam
1003 1999 1050 2036 ut
1075 1996 1255 2037 nonnulli
1283 1999 1533 2047 censuerunt,
1565 2008 1646 2035 non

231 2063 294 2100 est
321 2073 392 2100 cur
417 2060 633 2111 credamus,
661 2074 750 2102 cum
775 2061 931 2102 nullum
958 2061 1065 2102 aliud
1092 2062 1314 2113 exemplum
1342 2063 1481 2101 exstet.
1524 2059 1649 2099 Varia

230 2124 357 2176 igitur
396 2125 529 2166 conati
567 2127 660 2167 sunt
696 2125 773 2165 viri
811 2125 933 2166 docti:
971 2122 1081 2166 ὁπότ’
1113 2122 1166 2165 αὖ
1193 2125 1363 2178 Kayseri
1393 2138 1474 2165 non
1504 2124 1648 2176 placet,

231 2186 341 2228 ὁπότ’
375 2187 421 2228 ἐν
447 2188 671 2233 Boeckhius
705 2190 889 2241 coniecit,
925 2190 1036 2230 cuius
1069 2190 1281 2231 locutionis
1313 2190 1465 2230 nullum
1492 2190 1647 2229 certum

229 2252 400 2294 inveniri
434 2256 570 2306 potest
605 2254 839 2307 exemplum.
893 2254 982 2308 Ego
1018 2254 1184 2308 Bergkii
1219 2254 1486 2296 coniecturam
1520 2252 1647 2306 probo

230 2316 340 2358 ὁπότ’
375 2316 432 2368 ἐκ,
459 2318 505 2359 ἐκ
530 2326 660 2371 χερῶν
681 2320 743 2361 ἴεν
764 2322 811 2360 ut
833 2320 918 2371 ipse
941 2320 1122 2371 explicat.
1168 2320 1275 2367 Quae
1298 2319 1524 2359 coniectura
1546 2319 1646 2358 lenis

338 2469 371 2510 1)
393 2467 602 2511 Anthologie
625 2478 687 2501 aus
709 2469 777 2501 den
797 2468 963 2511 Lyrikern
984 2468 1045 2502 der
1067 2468 1241 2502 Griechen.
1285 2468 1369 2502 Hert
1389 2469 1430 2502 Π.

224 2546 228 2550 .
337 2522 370 2563 2)
393 2520 441 2555 cf.
464 2521 604 2556 Theoor.
625 2520 658 2554 V
679 2523 722 2554 88
752 2520 866 2565 βάλλει
892 2522 951 2556 καὶ
977 2521 1112 2563 μόλωσι
1141 2522 1202 2555 τὸν
1228 2521 1373 2557 αἰπόλον
1403 2522 1427 2555 ἁ
1448 2520 1646 2563 Κλεαρίστα.

228 2572 276 2607 ib.
298 2577 340 2607 49
362 2574 476 2618 βάλλει
498 2574 537 2610 δὲ
558 2576 617 2610 καὶ
640 2575 663 2610 ἁ
684 2573 782 2615 πίτυς
803 2574 919 2619 ὑψόθε
940 2576 1080 2616 κώνοις.-
